@inproceedings{Chen2018,
   author = {Ricky T.Q. Chen and Yulia Rubanova and Jesse Bettencourt and David Duvenaud},
   doi = {10.2307/j.ctvcm4h3p.19},
   issn = {10495258},
   booktitle = {Advances in Neural Information Processing Systems},
   title = {Neural ordinary differential equations},
   year = {2018},
}
@inproceedings{Fabius2015,
   author = {Otto Fabius and Joost R. van Amersfoort},
   booktitle = {3rd International Conference on Learning Representations, ICLR 2015 - Workshop Track Proceedings},
   title = {Variational recurrent auto-encoders},
   year = {2015},
}
@article{Cooke2011,
   author = {Emma J. Cooke and Richard S. Savage and Paul D.W. Kirk and Robert Darkins and David L. Wild},
   doi = {10.1186/1471-2105-12-399},
   issn = {14712105},
   journal = {BMC Bioinformatics},
   title = {Bayesian hierarchical clustering for microarray time series data with replicates and outlier measurements},
   year = {2011},
}
@article{Savage2009,
   author = {Richard S. Savage and Katherine Heller and Yang Xu and Zoubin Ghahramani and William M. Truman and Murray Grant and Katherine J. Denby and David L. Wild},
   doi = {10.1186/1471-2105-10-242},
   issn = {14712105},
   journal = {BMC Bioinformatics},
   title = {R/BHC: Fast Bayesian hierarchical clustering for microarray data},
   year = {2009},
}
@article{Philipp2011,
   author = {Philipp Krähenbühl and Vladlen Koltun},
   isbn = {9781618395993},
   journal = {Advances in Neural Information Processing Systems 24: 25th Annual Conference on Neural Information Processing Systems 2011, NIPS 2011},
   pages = {1-9},
   title = {Efficient inference in fully connected crfs with Gaussian edge potentials},
   year = {2011},
}
@article{Hastings1970,
   author = {W. K. Hastings},
   doi = {10.1093/biomet/57.1.97},
   issn = {00063444},
   journal = {Biometrika},
   title = {Monte carlo sampling methods using Markov chains and their applications},
   year = {1970},
}
@article{Blei2002,
   author = {David M Blei},
   doi = {10.16373/j.cnki.ahr.150049},
   isbn = {0894-0282},
   issn = {00237205},
   journal = {Cs.Princeton.Edu},
   pmid = {22352717},
   title = {Variational Inference },
   year = {2002},
}
@article{Hensman2013,
   author = {James Hensman and Neil D. Lawrence and Magnus Rattray},
   doi = {10.1186/1471-2105-14-252},
   issn = {14712105},
   journal = {BMC Bioinformatics},
   title = {Hierarchical Bayesian modelling of gene expression time series across irregularly sampled replicates and clusters},
   year = {2013},
}
@article{Teichmann2018,
   author = {Marvin T. T. Teichmann and Roberto Cipolla},
   title = {Convolutional CRFs for Semantic Segmentation},
   url = {http://arxiv.org/abs/1805.04777},
   year = {2018},
}
@article{Hertzmann2010,
   author = {Aaron Hertzmann},
   issue = {July},
   pages = {1-13},
   title = {LabelMeshes.pdf},
   url = {http://people.cs.umass.edu/~kalo/papers/LabelMeshes/LabelMeshes.pdf},
   year = {2010},
}
@article{Zhang2019,
   author = {Cheng Zhang and Judith Butepage and Hedvig Kjellstrom and Stephan Mandt},
   doi = {10.1109/TPAMI.2018.2889774},
   issn = {19393539},
   journal = {IEEE Transactions on Pattern Analysis and Machine Intelligence},
   keywords = {Variational inference,approximate Bayesian inference,inference networks,reparameterization gradients,scalable inference,structured variational approximations},
   title = {Advances in Variational Inference},
   year = {2019},
}
@article{Hoffman2013,
   author = {Matthew D. Hoffman and David M. Blei and Chong Wang and John Paisley},
   issn = {15324435},
   journal = {Journal of Machine Learning Research},
   keywords = {Bayesian inference,Bayesian nonparametrics,Stochastic optimization,Topicmodels,Variational inference},
   title = {Stochastic variational inference},
   year = {2013},
}
@article{McDowell2018,
   author = {Ian C. McDowell and Dinesh Manandhar and Christopher M. Vockley and Amy K. Schmid and Timothy E. Reddy and Barbara E. Engelhardt},
   doi = {10.1371/journal.pcbi.1005896},
   issn = {15537358},
   journal = {PLoS Computational Biology},
   title = {Clustering gene expression time series data using an infinite Gaussian process mixture model},
   year = {2018},
}
@article{Klein2015,
   author = {Allon M. Klein and Linas Mazutis and Ilke Akartuna and Naren Tallapragada and Adrian Veres and Victor Li and Leonid Peshkin and David A. Weitz and Marc W. Kirschner},
   doi = {10.1016/j.cell.2015.04.044},
   issn = {10974172},
   journal = {Cell},
   pmid = {26000487},
   title = {Droplet barcoding for single-cell transcriptomics applied to embryonic stem cells},
   year = {2015},
}
@article{chaudhary18_deep,
   author = {Kumardeep Chaudhary and Olivier B Poirion and Liangqun Lu and Lana X Garmire},
   doi = {10.1158/1078-0432.CCR-17-0853},
   issn = {1078-0432, 1557-3265},
   issue = {6},
   journal = {Clinical Cancer Research},
   month = {3},
   pages = {1248-1259},
   pmid = {28982688},
   title = {Deep \{\{Learning\}\}\textendash\{\{Based Multi\}\}-\{\{Omics Integration Robustly Predicts Survival\}\} in \{\{Liver Cancer\}\}},
   volume = {24},
   year = {2018},
}
@article{adrion19_inferring,
   author = {Jeffrey R Adrion and Jared G Galloway and Andrew D Kern},
   doi = {10.1101/662247},
   journal = {bioRxiv},
   month = {8},
   pages = {662247},
   title = {Inferring the Landscape of Recombination Using Recurrent Neural Networks},
   year = {2019},
}
@article{lin19_continuousstate,
   author = {Chieh Lin and Ziv Bar-Joseph},
   doi = {10.1093/bioinformatics/btz296},
   issn = {1367-4803},
   issue = {22},
   journal = {Bioinformatics},
   month = {11},
   pages = {4707-4715},
   publisher = {Oxford Academic},
   title = {Continuous-State \{\{HMMs\}\} for Modeling Time-Series Single-Cell \{\{RNA\}\}-\{\{Seq\}\} Data},
   volume = {35},
   year = {2019},
}
@article{ash18_joint,
   author = {Jordan T Ash and Gregory Darnell and Daniel Munro and Barbara E Engelhardt},
   doi = {10.1101/458711},
   journal = {bioRxiv},
   month = {10},
   pages = {458711},
   title = {Joint Analysis of Gene Expression Levels and Histological Images Identifies Genes Associated with Tissue Morphology},
   year = {2018},
}
@article{levine15_datadriven,
   author = {Jacob H Levine and Erin F Simonds and Sean C Bendall and Kara L Davis and El-ad D Amir and Michelle D Tadmor and Oren Litvin and Harris G Fienberg and Astraea Jager and Eli R Zunder and Rachel Finck and Amanda L Gedman and Ina Radtke and James R Downing and Dana Pe'er and Garry P Nolan},
   doi = {10.1016/j.cell.2015.05.047},
   issn = {1097-4172},
   issue = {1},
   journal = {Cell},
   keywords = {Bone Marrow,Child,Cohort Studies,Computational Biology,Genetic Heterogeneity,Humans,Leukemia; Myeloid; Acute,Neoplastic Stem Cells,Single-Cell Analysis,Transcriptome},
   month = {7},
   pages = {184-197},
   pmid = {26095251},
   title = {Data-\{\{Driven Phenotypic Dissection\}\} of \{\{AML Reveals Progenitor\}\}-like \{\{Cells\}\} That \{\{Correlate\}\} with \{\{Prognosis\}\}},
   volume = {162},
   year = {2015},
}
@article{rashid20_dhaka,
   author = {Sabrina Rashid and Sohrab Shah and Ziv Bar-Joseph and Ravi Pandya},
   doi = {10.1093/bioinformatics/btz095},
   journal = {Bioinformatics},
   title = {Dhaka: Variational Autoencoder for Unmasking Tumor Heterogeneity from Single Cell Genomic Data},
   year = {2020},
}
@article{way18_extracting,
   author = {Gregory P Way and Casey S Greene},
   issn = {2335-6936},
   journal = {Pacific Symposium on Biocomputing. Pacific Symposium on Biocomputing},
   keywords = {Algorithms,Atlases as Topic,Computational Biology,Female,Gene Expression Profiling,Humans,Male,Models; Genetic,Neoplasms,Neural Networks; Computer,Nonlinear Dynamics,Ovarian Neoplasms,Systems Biology,Transcriptome,Unsupervised Machine Learning},
   pages = {80-91},
   pmid = {29218871},
   title = {Extracting a Biologically Relevant Latent Space from Cancer Transcriptomes with Variational Autoencoders},
   volume = {23},
   year = {2018},
}
@article{amodio19_exploring,
   author = {Matthew Amodio and David van Dijk and Krishnan Srinivasan and William S Chen and Hussein Mohsen and Kevin R Moon and Allison Campbell and Yujiao Zhao and Xiaomei Wang and Manjunatha Venkataswamy and Anita Desai and V Ravi and Priti Kumar and Ruth Montgomery and Guy Wolf and Smita Krishnaswamy},
   doi = {10.1038/s41592-019-0576-7},
   issn = {1548-7105},
   issue = {11},
   journal = {Nature Methods},
   month = {11},
   pages = {1139-1145},
   title = {Exploring Single-Cell Data with Deep Multitasking Neural Networks},
   volume = {16},
   year = {2019},
}
@article{gupta19_targeted,
   author = {Anvita Gupta and Anshul Kundaje},
   doi = {10.1101/714402},
   journal = {bioRxiv},
   month = {7},
   pages = {714402},
   title = {Targeted Optimization of Regulatory \{\{DNA\}\} Sequences with Neural Editing Architectures},
   year = {2019},
}
@article{nicholson19_reusing,
   author = {David N Nicholson and Daniel S Himmelstein and Casey S Greene},
   doi = {10.1101/730085},
   journal = {bioRxiv},
   month = {8},
   pages = {730085},
   title = {Reusing Label Functions to Extract Multiple Types of Biomedical Relationships from Biomedical Abstracts at Scale},
   year = {2019},
}
@article{PMID:30936559,
   author = {Wouter Saelens and Robrecht Cannoodt and Helena Todorov and Yvan Saeys},
   doi = {10.1038/s41587-019-0071-9},
   issn = {1087-0156},
   issue = {5},
   journal = {Nature biotechnology},
   month = {5},
   pages = {547—554},
   title = {A comparison of single-cell trajectory inference methods},
   volume = {37},
   url = {https://doi.org/10.1038/s41587-019-0071-9},
   year = {2019},
}
@misc{Sun2017,
   author = {Li Zhen Sun and Dong Zhang and Shi Jie Chen},
   doi = {10.1146/annurev-biophys-070816-033920},
   issn = {19361238},
   journal = {Annual Review of Biophysics},
   keywords = {Knowledge-based approach,Nonspecific ion binding,Physics-based modeling,Specific ion binding,Three-dimensional structure prediction},
   month = {5},
   pages = {227-246},
   pmid = {28301768},
   publisher = {Annual Reviews Inc.},
   title = {Theory and Modeling of RNA Structure and Interactions with Metal Ions and Small Molecules},
   volume = {46},
   year = {2017},
}
@article{Tian2017,
   author = {Wei Tian and Xue Lei and Louis H. Kauffman and Jie Liang},
   doi = {10.1515/mlbmb-2017-0002},
   issn = {2544-7297},
   issue = {1},
   journal = {Computational and Mathematical Biophysics},
   month = {4},
   pages = {21-30},
   publisher = {Walter de Gruyter GmbH},
   title = {A Knot Polynomial Invariant for Analysis of Topology of RNA Stems and Protein Disulfide Bonds},
   volume = {5},
   year = {2017},
}
@article{Micheletti2015,
   author = {Cristian Micheletti and Marco Di Stefano and Henri Orland},
   doi = {10.1073/pnas.1418445112},
   issn = {10916490},
   issue = {7},
   journal = {Proceedings of the National Academy of Sciences of the United States of America},
   keywords = {PDB-wide topological profiling,Physical knots,RNA knots,RNA structure},
   month = {2},
   pages = {2052-2057},
   pmid = {25646433},
   publisher = {National Academy of Sciences},
   title = {Absence of knots in known RNA structures},
   volume = {112},
   year = {2015},
}
@misc{Zhichao,
   author = {Zhichao Miao and Ryszard W Adamiak and Maciej Antczak and Janusz Bujnicki and Shi-Jie Chen and Clarence Yu Cheng and Yi Cheng and Rhiju Das and Nikolay V Dokholyan and Feng Ding},
   title = {RNA-Puzzles Round IV: 3D structure predictions of four ribozymes and two aptamers},
}
@article{Byeon2020,
   author = {Gun Woo Byeon and Elif Sarinay Cenik and Lihua Jiang and Hua Tang and Rhiju Das and Maria Barna},
   doi = {10.1101/2020.06.29.165878},
   title = {Functional and structural basis of extreme non-coding conservation in vertebrate mRNAs},
   year = {2020},
}
@article{Kappel2020,
   author = {Kalli Kappel and Kaiming Zhang and Zhaoming Su and Andrew M. Watkins and Wipapat Kladwang and Shanshan Li and Grigore Pintilie and Ved V. Topkar and Ramya Rangan and Ivan N. Zheludev and Joseph D. Yesselman and Wah Chiu and Rhiju Das},
   doi = {10.1038/s41592-020-0878-9},
   issn = {15487105},
   issue = {7},
   journal = {Nature Methods},
   month = {7},
   pages = {699-707},
   pmid = {32616928},
   publisher = {Nature Research},
   title = {Accelerated cryo-EM-guided determination of three-dimensional RNA-only structures},
   volume = {17},
   year = {2020},
}
@article{Watkins2020,
   author = {Andrew Martin Watkins and Ramya Rangan and Rhiju Das},
   doi = {10.1016/j.str.2020.05.011},
   issn = {18784186},
   issue = {8},
   journal = {Structure},
   keywords = {RNA,blind prediction,fragment assembly,homology modeling,structure prediction},
   month = {8},
   pages = {963-976.e6},
   pmid = {32531203},
   publisher = {Cell Press},
   title = {FARFAR2: Improved De Novo Rosetta Prediction of Complex Global RNA Folds},
   volume = {28},
   year = {2020},
}
@article{HannahRNA,
   author = {Hannah K Wayment-Steele and Wipapat Kladwang and Eterna Participants and Rhiju Das},
   doi = {10.1101/2020.05.29.124511},
   title = {RNA secondary structure packages ranked and improved by high-throughput experiments},
   url = {https://doi.org/10.1101/2020.05.29.124511},
}
@article{HannahTheory,
   author = {Hannah K Wayment-Steele and Do Soon Kim and Christian A Choe and John J Nicol and Roger Wellington-Oguri and R Andres and Parra Sperberg and Po-Ssu Huang and Eterna Participants and Rhiju Das},
   doi = {10.1101/2020.08.22.262931},
   title = {Theoretical basis for stabilizing messenger RNA through secondary structure design},
   url = {https://doi.org/10.1101/2020.08.22.262931},
}
@article{Andreasson2019,
   author = {Johan Andreasson and Michael Gotrik and Michelle Wu and Hannah Wayment-Steele and Wipapat Kladwang and Fernando Portela and Roger Wellington-Oguri and Eterna Participants and Rhiju Das and William Greenleaf},
   doi = {10.1101/2019.12.16.877183},
   title = {Crowdsourced RNA design discovers diverse, reversible, efficient, self-contained molecular sensors},
   year = {2019},
}
@article{Miao2017,
   author = {Zhichao Miao and Eric Westhof},
   doi = {10.1146/annurev-biophys},
   journal = {Annu. Rev. Biophys},
   keywords = {RNA structure,RNA-puzzles,evaluation metrics,prediction,structural module,three-dimensional},
   pages = {483-503},
   title = {RNA Structure: Advances and Assessment of 3D Structure Prediction},
   volume = {46},
   url = {https://doi.org/10.1146/annurev-biophys-},
   year = {2017},
}
@article{Burton2016,
   author = {Aaron S. Burton and Marco Di Stefano and Niles Lehman and Henri Orland and Cristian Micheletti},
   doi = {10.1080/15476286.2015.1132069},
   issn = {15558584},
   issue = {2},
   journal = {RNA Biology},
   keywords = {Physical knots,RNA knots,RNA structure},
   month = {2},
   pages = {134-139},
   pmid = {26828280},
   publisher = {Taylor and Francis Inc.},
   title = {The elusive quest for RNA knots},
   volume = {13},
   year = {2016},
}
@article{Liu2017,
   author = {Di Liu and Yaming Shao and Gang Chen and Yuk Ching Tse-Dinh and Joseph A. Piccirilli and Yossi Weizmann},
   doi = {10.1038/ncomms14936},
   issn = {20411723},
   journal = {Nature Communications},
   month = {3},
   pmid = {28361879},
   publisher = {Nature Publishing Group},
   title = {Synthesizing topological structures containing RNA},
   volume = {8},
   year = {2017},
}
@misc{BuckleyRNA,
   author = {P T Buckley and J Eberwine},
   title = {RNA Binding Protein Methods},
}
@misc{Ramanathan2019,
   author = {Muthukumar Ramanathan and Douglas F. Porter and Paul A. Khavari},
   doi = {10.1038/s41592-019-0330-1},
   issn = {15487105},
   issue = {3},
   journal = {Nature Methods},
   month = {3},
   pages = {225-234},
   pmid = {30804549},
   publisher = {Nature Publishing Group},
   title = {Methods to study RNA–protein interactions},
   volume = {16},
   year = {2019},
}
@misc{Hentze2018,
   author = {Matthias W. Hentze and Alfredo Castello and Thomas Schwarzl and Thomas Preiss},
   doi = {10.1038/nrm.2017.130},
   issn = {14710080},
   issue = {5},
   journal = {Nature Reviews Molecular Cell Biology},
   month = {5},
   pages = {327-341},
   pmid = {29339797},
   publisher = {Nature Publishing Group},
   title = {A brave new world of RNA-binding proteins},
   volume = {19},
   year = {2018},
}
@misc{ManuelFrontiers,
   author = {Manuel D. {D\'{i}az-Muñoz} and Martin Turner},
   doi = {10.3389/fimmu.2018.01094},
   issn = {16643224},
   issue = {MAY},
   journal = {Frontiers in Immunology},
   keywords = {Humoral response,Immune cell activation,Immune cell development,Immune cell homeostasis,Post-transcriptional RNA regulation,RNA binding proteins,T-cell mediated immunity},
   month = {5},
   publisher = {Frontiers Media S.A.},
   title = {Uncovering the role of RNA-binding proteins in gene expression in the immune system},
   volume = {9},
   year = {2018},
}
@misc{Corley2020,
   author = {Meredith Corley and Margaret C. Burns and Gene W. Yeo},
   doi = {10.1016/j.molcel.2020.03.011},
   issn = {10974164},
   issue = {1},
   journal = {Molecular Cell},
   keywords = {∗Insert Keywords Here∗},
   month = {4},
   pages = {9-29},
   pmid = {32243832},
   publisher = {Cell Press},
   title = {How RNA-Binding Proteins Interact with RNA: Molecules and Mechanisms},
   volume = {78},
   year = {2020},
}
@misc{Lee2006,
   author = {Min Ho Lee and Tim Schedl},
   doi = {10.1895/wormbook.1.79.1},
   issn = {15518507},
   journal = {WormBook : the online review of C. elegans biology},
   pages = {1-13},
   pmid = {18050487},
   title = {RNA-binding proteins.},
   year = {2006},
}
@misc{Si2015,
   author = {Jingna Si and Rui Zhao and Rongling Wu},
   doi = {10.3390/ijms16035194},
   issn = {14220067},
   issue = {3},
   journal = {International Journal of Molecular Sciences},
   keywords = {Bioinformatics,DNA-binding site,Machine learning method,Prediction},
   month = {3},
   pages = {5194-5215},
   pmid = {25756377},
   publisher = {MDPI AG},
   title = {An overview of the prediction of protein DNA-binding sites},
   volume = {16},
   year = {2015},
}
@misc{Shazman2011,
   author = {Shula Shazman and Gershon Elber and Yael Mandel-Gutfreund},
   doi = {10.1093/nar/gkr395},
   issn = {03051048},
   issue = {17},
   journal = {Nucleic Acids Research},
   month = {9},
   pages = {7390-7399},
   pmid = {21693557},
   title = {From face to interface recognition: A differential geometric approach to distinguish DNA from RNA binding surfaces},
   volume = {39},
   year = {2011},
}
@misc{LauraNAR,
   author = {Laura A Cassiday and L James and Maher Iii},
   journal = {SURVEY AND SUMMARY},
   title = {Having it both ways: transcription factors that bind DNA and RNA},
   url = {https://academic.oup.com/nar/article/30/19/4118/2376073},
}
@article{Hou2020,
   author = {Linlin Hou and Yuanjie Wei and Yingying Lin and Xiwei Wang and Yiwei Lai and Menghui Yin and Yanpu Chen and Xiangpeng Guo and Senbin Wu and Yindi Zhu and Jie Yuan and Muqddas Tariq and Na Li and Hao Sun and Huating Wang and Xiaofei Zhang and Jiekai Chen and Xichen Bao and Ralf Jauch},
   doi = {10.1093/nar/gkaa067},
   issn = {13624962},
   issue = {7},
   journal = {Nucleic acids research},
   month = {4},
   pages = {3869-3887},
   pmid = {32016422},
   publisher = {NLM (Medline)},
   title = {Concurrent binding to DNA and RNA facilitates the pluripotency reprogramming activity of Sox2},
   volume = {48},
   year = {2020},
}
@article{Huang2019,
   author = {Yu-An Huang and Zhi-An Huang and Zhu-Hong You and Zexuan Zhu and Wen-Zhun Huang and Jian-Xin Guo and Chang-Qing Yu},
   doi = {10.3389/fgene.2019.00758},
   issn = {1664-8021},
   journal = {Frontiers in Genetics},
   month = {8},
   title = {Predicting lncRNA-miRNA Interaction via Graph Convolution Auto-Encoder},
   volume = {10},
   year = {2019},
}
@article{Yang2018,
   author = {Cheng Yang and Longshu Yang and Man Zhou and Haoling Xie and Chengjiu Zhang and May D Wang and Huaiqiu Zhu},
   doi = {10.1093/bioinformatics/bty428},
   issn = {1367-4803},
   issue = {22},
   journal = {Bioinformatics},
   month = {11},
   title = {LncADeep: an <i>ab initio</i> lncRNA identification and functional annotation tool based on deep learning},
   volume = {34},
   year = {2018},
}
@inproceedings{Gao2019,
   author = {Hongchang Gao and Jian Pei and Heng Huang},
   city = {New York, NY, USA},
   doi = {10.1145/3292500.3330888},
   isbn = {9781450362016},
   booktitle = {Proceedings of the 25th ACM SIGKDD International Conference on Knowledge Discovery {\&} Data Mining},
   month = {7},
   publisher = {ACM},
   title = {Conditional Random Field Enhanced Graph Convolutional Neural Networks},
   year = {2019},
}
@article{Alam2020,
   author = {Tanvir Alam and Hamada R. H. Al-Absi and Sebastian Schmeier},
   doi = {10.3390/ncrna6040047},
   issn = {2311-553X},
   issue = {4},
   journal = {Non-Coding RNA},
   month = {11},
   title = {Deep Learning in LncRNAome: Contribution, Challenges, and Perspectives},
   volume = {6},
   year = {2020},
}
@article{Alex2021,
   author = {Alex Hawkins-Hooker and Florence Depardieu and Sebastien Baur and Guillaume Couairon and Arthur Chen and David Bikard},
   doi = {10.1371/journal.pcbi.1008736},
   issn = {1553-7358},
   issue = {2},
   journal = {PLOS Computational Biology},
   month = {2},
   title = {Generating functional protein variants with variational autoencoders},
   volume = {17},
   year = {2021},
}
@article{Repecka2021,
   author = {Donatas Repecka and Vykintas Jauniskis and Laurynas Karpus and Elzbieta Rembeza and Irmantas Rokaitis and Jan Zrimec and Simona Poviloniene and Audrius Laurynenas and Sandra Viknander and Wissam Abuajwa and Otto Savolainen and Rolandas Meskys and Martin K. M. Engqvist and Aleksej Zelezniak},
   doi = {10.1038/s42256-021-00310-5},
   issn = {2522-5839},
   issue = {4},
   journal = {Nature Machine Intelligence},
   month = {4},
   title = {Expanding functional protein sequence spaces using generative adversarial networks},
   volume = {3},
   year = {2021},
}
@article{Lam2019,
   author = {Jordy Homing Lam and Yu Li and Lizhe Zhu and Ramzan Umarov and Hanlun Jiang and Amélie Héliou and Fu Kit Sheong and Tianyun Liu and Yongkang Long and Yunfei Li and Liang Fang and Russ B. Altman and Wei Chen and Xuhui Huang and Xin Gao},
   doi = {10.1038/s41467-019-12920-0},
   issn = {2041-1723},
   issue = {1},
   journal = {Nature Communications},
   month = {12},
   title = {A deep learning framework to predict binding preference of RNA constituents on protein surface},
   volume = {10},
   year = {2019},
}
@misc{Anurag3D,
   author = {Anurag Ranjan and Timo Bolkart and Soubhik Sanyal and Michael J Black},
   title = {Generating 3D faces using Convolutional Mesh Autoencoders},
   url = {http://coma.is.tue.mpg.de/.},
}
@article{Ibarra2020,
   author = {Ignacio L. Ibarra and Nele M. Hollmann and Bernd Klaus and Sandra Augsten and Britta Velten and Janosch Hennig and Judith B. Zaugg},
   doi = {10.1038/s41467-019-13888-7},
   issn = {2041-1723},
   issue = {1},
   journal = {Nature Communications},
   month = {12},
   pages = {124},
   title = {Mechanistic insights into transcription factor cooperativity and its impact on protein-phenotype interactions},
   volume = {11},
   year = {2020},
}
@article{Can2021,
   author = {Can Sönmezer and Rozemarijn Kleinendorst and Dilek Imanci and Guido Barzaghi and Laura Villacorta and Dirk Schübeler and Vladimir Benes and Nacho Molina and Arnaud Regis Krebs},
   doi = {10.1016/j.molcel.2020.11.015},
   issn = {10972765},
   issue = {2},
   journal = {Molecular Cell},
   month = {1},
   pages = {255-267.e6},
   title = {Molecular Co-occupancy Identifies Transcription Factor Binding Cooperativity In Vivo},
   volume = {81},
   year = {2021},
}
@article{AbdulhayATP,
   author = {J Abdulhay and Laura J Hsieh and Colin P McNally and Mythili Ketavarapu and Sivakanthan Kasinathan and Arjun S Nanda and Megan S Ostrowski and Ke Wu and Camille M Moore and Hani Goodarzi and Geeta J Narlikar and Vijay Ramani},
   doi = {10.1101/2021.12.10.472156},
   keywords = {ATP-dependent chromatin remodeling,chromatin regulation 35,single-molecule sequencing},
   title = {Single-fiber nucleosome density shapes the regulatory output of a mammalian chromatin remodeling enzyme 1 2 Nour},
   url = {https://doi.org/10.1101/2021.12.10.472156},
}
@article{Deshpande2019,
   author = {Atul Deshpande and Li-Fang Chu and Ron Stewart and Anthony Gitter},
   doi = {10.1101/534834},
   journal = {bioRxiv},
   month = {1},
   pages = {534834},
   publisher = {Cold Spring Harbor Laboratory},
   title = {Network Inference with Granger Causality Ensembles on Single-Cell Transcriptomic Data},
   year = {2019},
}
@article{Kim2020,
   author = {Junil Kim and Simon T. Jakobsen and Kedar N Natarajan and Kyoung-Jae Won},
   doi = {10.1093/nar/gkaa1014},
   journal = {Nucleic Acids Research},
   keywords = {_tablet},
   title = {TENET: Gene Network Reconstruction Using Transfer Entropy Reveals Key Regulatory Factors from Single Cell Transcriptomic Data},
   year = {2020},
}
@article{Ransick2019,
   author = {Andrew Ransick and Nils O Lindström and Jing Liu and Qin Zhu and Jin-Jin Guo and Gregory F Alvarado and Albert D Kim and Hannah G Black and Junhyong Kim and Andrew P McMahon},
   doi = {10.1016/j.devcel.2019.10.005},
   issn = {1534-5807},
   issue = {3},
   journal = {Developmental Cell},
   keywords = {collecting system,kidney,lineage convergence,nephron,scRNA-Seq profiling,sex differences},
   month = {11},
   pages = {399-413.e7},
   pmid = {31689386},
   title = {Single-Cell Profiling Reveals Sex, Lineage, and Regional Diversity in the Mouse Kidney},
   volume = {51},
   year = {2019},
}
@article{Chen2018,
   author = {Shuonan Chen and Jessica C Mar},
   doi = {10.1186/s12859-018-2217-z},
   issn = {1471-2105},
   issue = {1},
   journal = {BMC Bioinformatics},
   month = {6},
   pages = {232},
   pmid = {29914350},
   title = {Evaluating Methods of Inferring Gene Regulatory Networks Highlights Their Lack of Performance for Single Cell Gene Expression Data},
   volume = {19},
   year = {2018},
}
@article{Ma2020,
   author = {Baoshan Ma and Mingkun Fang and Xiangtian Jiao},
   journal = {Bioinformatics},
   title = {Inference of Gene Regulatory Networks Based on Nonlinear Ordinary Differential Equations},
   year = {2020},
}
@article{Pierre2020,
   author = {Pierre-Cyril Aubin-Frankowski and Jean-Philippe Vert},
   doi = {10.1093/bioinformatics/btaa576},
   journal = {Bioinformatics},
   pages = {btaa576},
   title = {Gene Regulation Inference from Single-Cell RNA-Seq Data with Linear Differential Equations and Velocity Inference},
   year = {2020},
}
@article{Matsumoto2017,
   author = {Hirotaka Matsumoto and Hisanori Kiryu and Chikara Furusawa and Minoru S H Ko and Shigeru B H Ko and Norio Gouda and Tetsutaro Hayashi and Itoshi Nikaido},
   doi = {10.1093/bioinformatics/btx194},
   issue = {15},
   journal = {Bioinformatics},
   month = {4},
   pages = {2314-2321},
   pmid = {28379368},
   publisher = {Oxford Academic},
   title = {SCODE: An Efficient Regulatory Network Inference Algorithm from Single-Cell RNA-Seq during Differentiation},
   volume = {33},
   year = {2017},
}
@article{Hastings1970,
   author = {W K Hastings},
   doi = {10.1093/biomet/57.1.97},
   issn = {00063444},
   journal = {Biometrika},
   title = {Monte carlo sampling methods using Markov chains and their applications},
   year = {1970},
}
@article{Hoffman2013,
   author = {Matthew D Hoffman and David M Blei and Chong Wang and John Paisley},
   issue = {1},
   journal = {The Journal of Machine Learning Research},
   pages = {1303-1347},
   publisher = {JMLR. org},
   title = {Stochastic variational inference},
   volume = {14},
   year = {2013},
}
@article{Zhang2018,
   author = {Cheng Zhang and Judith Bütepage and Hedvig Kjellström and Stephan Mandt},
   issue = {8},
   journal = {IEEE transactions on pattern analysis and machine intelligence},
   pages = {2008-2026},
   publisher = {IEEE},
   title = {Advances in variational inference},
   volume = {41},
   year = {2018},
}
@inproceedings{Ingraham2017,
   author = {John Ingraham and Debora Marks},
   booktitle = {International Conference on Machine Learning},
   pages = {1607-1616},
   title = {Variational inference for sparse and undirected models},
   year = {2017},
}
@inproceedings{Alexandre2010,
   author = {Alexandre Bouchard-Côté and Michael I Jordan},
   booktitle = {Advances in Neural Information Processing Systems},
   pages = {280-288},
   title = {Variational inference over combinatorial spaces},
   year = {2010},
}
@article{Kingma2014,
   author = {Diederik P Kingma and Max Welling},
   journal = {2nd International Conference on Learning Representations, ICLR 2014 - Conference Track Proceedings arXiv:1312.6114},
   title = {Auto-encoding variational bayes},
   year = {2014},
}
@article{Botchkarev2018,
   author = {Alexei Botchkarev},
   journal = {arXiv preprint arXiv:1809.03006},
   title = {Performance metrics (error measures) in machine learning regression, forecasting and prognostics: Properties and typology},
   year = {2018},
}
@article{Nallapati2016,
   author = {Ramesh Nallapati and Bowen Zhou and Caglar Gulcehre and Bing Xiang and others},
   journal = {arXiv preprint arXiv:1602.06023},
   title = {Abstractive text summarization using sequence-to-sequence rnns and beyond},
   year = {2016},
}
@inproceedings{Malhotra2015,
   author = {Pankaj Malhotra and Lovekesh Vig and Gautam Shroff and Puneet Agarwal},
   booktitle = {Proceedings},
   pages = {89-94},
   title = {Long short term memory networks for anomaly detection in time series},
   volume = {89},
   year = {2015},
}
@article{Fabius2014,
   author = {Otto Fabius and Joost R van Amersfoort},
   journal = {arXiv preprint arXiv:1412.6581},
   title = {Variational recurrent auto-encoders},
   year = {2014},
}
@article{Hochreiter1997,
   author = {Sepp Hochreiter and Jürgen Schmidhuber},
   issue = {8},
   journal = {Neural computation},
   pages = {1735-1780},
   publisher = {MIT Press},
   title = {Long short-term memory},
   volume = {9},
   year = {1997},
}
@article{Klein2015,
   author = {Allon M Klein and Linas Mazutis and Ilke Akartuna and Naren Tallapragada and Adrian Veres and Victor Li and Leonid Peshkin and David A Weitz and Marc W Kirschner},
   issue = {5},
   journal = {Cell},
   pages = {1187-1201},
   publisher = {Elsevier},
   title = {Droplet barcoding for single-cell transcriptomics applied to embryonic stem cells},
   volume = {161},
   year = {2015},
}
@article{Haghverdi2016,
   author = {Laleh Haghverdi and Maren Buettner and F Alexander Wolf and Florian Buettner and Fabian J Theis},
   issue = {10},
   journal = {Nature methods},
   pages = {845},
   publisher = {Nature Publishing Group},
   title = {Diffusion pseudotime robustly reconstructs lineage branching},
   volume = {13},
   year = {2016},
}
@article{McDowell2018,
   author = {Ian C McDowell and Dinesh Manandhar and Christopher M Vockley and Amy K Schmid and Timothy E Reddy and Barbara E Engelhardt},
   issue = {1},
   journal = {PLoS computational biology},
   pages = {e1005896},
   publisher = {Public Library of Science},
   title = {Clustering gene expression time series data using an infinite Gaussian process mixture model},
   volume = {14},
   year = {2018},
}
@article{Wu2018,
   author = {Stephen Wu and Sijia Liu and Sunghwan Sohn and Sungrim Moon and Chung-il Wi and Young Juhn and Hongfang Liu},
   journal = {Journal of biomedical informatics},
   pages = {167-177},
   publisher = {Elsevier},
   title = {Modeling asynchronous event sequences with RNNs},
   volume = {83},
   year = {2018},
}
@inproceedings{Chen2018,
   author = {Tian Qi Chen and Yulia Rubanova and Jesse Bettencourt and David K Duvenaud},
   booktitle = {Advances in neural information processing systems},
   pages = {6571-6583},
   title = {Neural ordinary differential equations},
   year = {2018},
}
@inproceedings{Rubanova2019,
   author = {Yulia Rubanova and Tian Qi Chen and David K Duvenaud},
   booktitle = {Advances in Neural Information Processing Systems},
   pages = {5321-5331},
   title = {Latent Ordinary Differential Equations for Irregularly-Sampled Time Series},
   year = {2019},
}
@article{Dilokthanakul2016,
   author = {Nat Dilokthanakul and Pedro A M Mediano and Marta Garnelo and Matthew C H Lee and Hugh Salimbeni and Kai Arulkumaran and Murray Shanahan},
   journal = {arXiv preprint arXiv:1611.02648},
   title = {Deep unsupervised clustering with gaussian mixture variational autoencoders},
   year = {2016},
}
@inproceedings{Hershey2007,
   author = {John R Hershey and Peder A Olsen},
   booktitle = {2007 IEEE International Conference on Acoustics, Speech and Signal Processing-ICASSP'07},
   pages = {IV–317},
   title = {Approximating the Kullback Leibler divergence between Gaussian mixture models},
   volume = {4},
   year = {2007},
}
@article{Ferguson1973,
   author = {Thomas S Ferguson},
   journal = {The annals of statistics},
   pages = {209-230},
   publisher = {JSTOR},
   title = {A Bayesian analysis of some nonparametric problems},
   year = {1973},
}
@article{Cooke2011,
   author = {Emma J Cooke and Richard S Savage and Paul D W Kirk and Robert Darkins and David L Wild},
   issue = {1},
   journal = {BMC bioinformatics},
   pages = {399},
   publisher = {Springer},
   title = {Bayesian hierarchical clustering for microarray time series data with replicates and outlier measurements},
   volume = {12},
   year = {2011},
}
@article{Likas2003,
   author = {Aristidis Likas and Nikos Vlassis and Jakob J Verbeek},
   issue = {2},
   journal = {Pattern recognition},
   pages = {451-461},
   publisher = {Elsevier},
   title = {The global k-means clustering algorithm},
   volume = {36},
   year = {2003},
}
@inproceedings{Rasmussen2000,
   author = {Carl Edward Rasmussen},
   booktitle = {Advances in neural information processing systems},
   pages = {554-560},
   title = {The infinite Gaussian mixture model},
   year = {2000},
}
@article{Reynolds2009,
   author = {Douglas A Reynolds},
   journal = {Encyclopedia of biometrics},
   publisher = {Berlin, Springer},
   title = {Gaussian Mixture Models.},
   volume = {741},
   year = {2009},
}
@article{Rumelhart1986,
   author = {David E Rumelhart and Geoffrey E Hinton and Ronald J Williams},
   issue = {6088},
   journal = {nature},
   pages = {533-536},
   publisher = {Nature Publishing Group},
   title = {Learning representations by back-propagating errors},
   volume = {323},
   year = {1986},
}
@article{Eraslan2019,
   author = {Gökcen Eraslan and Lukas M Simon and Maria Mircea and Nikola S Mueller and Fabian J Theis},
   issue = {1},
   journal = {Nature communications},
   pages = {1-14},
   publisher = {Nature Publishing Group},
   title = {Single-cell RNA-seq denoising using a deep count autoencoder},
   volume = {10},
   year = {2019},
}
@article{Pietro2019,
   author = {Pietro E Cippà and Jing Liu and Bo Sun and Sanjeev Kumar and Maarten Naesens and Andrew P McMahon},
   issue = {1},
   journal = {Nature communications},
   pages = {1-11},
   publisher = {Nature Publishing Group},
   title = {A late B lymphocyte action in dysfunctional tissue repair following kidney injury and transplantation},
   volume = {10},
   year = {2019},
}
@article{Lin2017,
   author = {Chieh Lin and Siddhartha Jain and Hannah Kim and Ziv Bar-Joseph},
   issue = {17},
   journal = {Nucleic acids research},
   pages = {e156–e156},
   publisher = {Oxford University Press},
   title = {Using neural networks for reducing the dimensions of single-cell RNA-Seq data},
   volume = {45},
   year = {2017},
}
@article{Talwar2018,
   author = {Divyanshu Talwar and Aanchal Mongia and Debarka Sengupta and Angshul Majumdar},
   issue = {1},
   journal = {Scientific reports},
   pages = {1-11},
   publisher = {Nature Publishing Group},
   title = {AutoImpute: Autoencoder based imputation of single-cell RNA-seq data},
   volume = {8},
   year = {2018},
}
@article{Lopez2018,
   author = {Romain Lopez and Jeffrey Regier and Michael B Cole and Michael I Jordan and Nir Yosef},
   issue = {12},
   journal = {Nature methods},
   pages = {1053-1058},
   publisher = {Nature Publishing Group},
   title = {Deep generative modeling for single-cell transcriptomics},
   volume = {15},
   year = {2018},
}
@article{Ding2018,
   author = {Jiarui Ding and Anne Condon and Sohrab P Shah},
   issue = {1},
   journal = {Nature communications},
   pages = {1-13},
   publisher = {Nature Publishing Group},
   title = {Interpretable dimensionality reduction of single cell transcriptome data with deep generative models},
   volume = {9},
   year = {2018},
}
@article{Wang2018,
   author = {Dongfang Wang and Jin Gu},
   issue = {5},
   journal = {Genomics, proteomics {\&} bioinformatics},
   pages = {320-331},
   publisher = {Elsevier},
   title = {VASC: dimension reduction and visualization of single-cell RNA-seq data by deep variational autoencoder},
   volume = {16},
   year = {2018},
}
@article{Deng2019,
   author = {Yue Deng and Feng Bao and Qionghai Dai and Lani F Wu and Steven J Altschuler},
   issue = {4},
   journal = {Nature methods},
   pages = {311-314},
   publisher = {Nature Publishing Group},
   title = {Scalable analysis of cell-type composition from single-cell transcriptomics using deep recurrent learning},
   volume = {16},
   year = {2019},
}
@article{Wang2019,
   author = {Jingshu Wang and Divyansh Agarwal and Mo Huang and Gang Hu and Zilu Zhou and Chengzhong Ye and Nancy R Zhang},
   issue = {9},
   journal = {Nature methods},
   pages = {875-878},
   publisher = {Nature Publishing Group},
   title = {Data denoising with transfer learning in single-cell transcriptomics},
   volume = {16},
   year = {2019},
}
@article{Zheng2019,
   author = {Jie Zheng and Ke Wang},
   issue = {4},
   journal = {Quantitative Biology},
   pages = {247-254},
   publisher = {Springer},
   title = {Emerging deep learning methods for single-cell RNA-seq data analysis},
   volume = {7},
   year = {2019},
}
@article{Higgins2016,
   author = {Irina Higgins and Loic Matthey and Arka Pal and Christopher Burgess and Xavier Glorot and Matthew Botvinick and Shakir Mohamed and Alexander Lerchner},
   title = {beta-vae: Learning basic visual concepts with a constrained variational framework},
   year = {2016},
}
@article{Raj2008,
   author = {Arjun Raj and Alexander Van Oudenaarden},
   issue = {2},
   journal = {Cell},
   pages = {216-226},
   publisher = {Elsevier},
   title = {Nature, nurture, or chance: stochastic gene expression and its consequences},
   volume = {135},
   year = {2008},
}
@article{Svensson2018,
   author = {Valentine Svensson and Roser Vento-Tormo and Sarah A Teichmann},
   issue = {4},
   journal = {Nature protocols},
   pages = {599-604},
   publisher = {Nature Publishing Group},
   title = {Exponential scaling of single-cell RNA-seq in the past decade},
   volume = {13},
   year = {2018},
}
@article{Hinton2006,
   author = {Geoffrey E Hinton and Ruslan R Salakhutdinov},
   issue = {5786},
   journal = {science},
   pages = {504-507},
   publisher = {American Association for the Advancement of Science},
   title = {Reducing the dimensionality of data with neural networks},
   volume = {313},
   year = {2006},
}
@article{Saelens2019,
   author = {Wouter Saelens and Robrecht Cannoodt and Helena Todorov and Yvan Saeys},
   issue = {5},
   journal = {Nature biotechnology},
   pages = {547-554},
   publisher = {Nature Publishing Group},
   title = {A comparison of single-cell trajectory inference methods},
   volume = {37},
   year = {2019},
}
@article{Liu2017,
   author = {Jing Liu and Sanjeev Kumar and Egor Dolzhenko and Gregory F Alvarado and Jinjin Guo and Can Lu and Yibu Chen and Meng Li and Mark C Dessing and Riana K Parvez and others},
   issue = {18},
   journal = {JCI insight},
   publisher = {American Society for Clinical Investigation},
   title = {Molecular characterization of the transition from acute to chronic kidney injury following ischemia/reperfusion},
   volume = {2},
   year = {2017},
}
@article{Harris2020,
   author = {Charles R Harris and K Jarrod Millman and Stéfan J van der Walt and Ralf Gommers and Pauli Virtanen and David Cournapeau and Eric Wieser and Julian Taylor and Sebastian Berg and Nathaniel J Smith and others},
   issue = {7825},
   journal = {Nature},
   pages = {357-362},
   publisher = {Nature Publishing Group},
   title = {Array programming with NumPy},
   volume = {585},
   year = {2020},
}
@article{Svensson2020,
   author = {Valentine Svensson and Adam Gayoso and Nir Yosef and Lior Pachter},
   issue = {11},
   journal = {Bioinformatics},
   pages = {3418-3421},
   publisher = {Oxford University Press},
   title = {Interpretable factor models of single-cell RNA-seq via variational autoencoders},
   volume = {36},
   year = {2020},
}
@inproceedings{Ainsworth2018,
   author = {Samuel K Ainsworth and Nicholas J Foti and Adrian K C Lee and Emily B Fox},
   booktitle = {International Conference on Machine Learning},
   pages = {119-128},
   title = {oi-VAE: Output interpretable VAEs for nonlinear group factor analysis},
   year = {2018},
}
@article{Hensman2013,
   author = {James Hensman and Neil D Lawrence and Magnus Rattray},
   issue = {1},
   journal = {BMC bioinformatics},
   pages = {252},
   publisher = {Springer},
   title = {Hierarchical Bayesian modelling of gene expression time series across irregularly sampled replicates and clusters},
   volume = {14},
   year = {2013},
}
@article{Jang2017,
   author = {Sumin Jang and Sandeep Choubey and Leon Furchtgott and Ling-Nan Zou and Adele Doyle and Vilas Menon and Ethan B Loew and Anne-Rachel Krostag and Refugio A Martinez and Linda Madisen and others},
   journal = {elife},
   pages = {e20487},
   publisher = {eLife Sciences Publications Limited},
   title = {Dynamics of embryonic stem cell differentiation inferred from single-cell transcriptomics show a series of transitions through discrete cell states},
   volume = {6},
   year = {2017},
}
@article{Ching2018,
   author = {Travers Ching and Daniel S Himmelstein and Brett K Beaulieu-Jones and Alexandr A Kalinin and Brian T Do and Gregory P Way and Enrico Ferrero and Paul-Michael Agapow and Michael Zietz and Michael M Hoffman and others},
   issue = {141},
   journal = {Journal of The Royal Society Interface},
   pages = {20170387},
   publisher = {The Royal Society},
   title = {Opportunities and obstacles for deep learning in biology and medicine},
   volume = {15},
   year = {2018},
}
@article{Way2017,
   author = {Gregory P Way and Casey S Greene},
   journal = {BioRxiv},
   pages = {174474},
   publisher = {World Scientific},
   title = {Extracting a biologically relevant latent space from cancer transcriptomes with variational autoencoders},
   year = {2017},
}
@article{Jetka2018,
   author = {Tomasz Jetka and Karol Nienałtowski and Sarah Filippi and Michael P H Stumpf and Michał Komorowski},
   issue = {1},
   journal = {Nature communications},
   pages = {1-9},
   publisher = {Nature Publishing Group},
   title = {An information-theoretic framework for deciphering pleiotropic and noisy biochemical signaling},
   volume = {9},
   year = {2018},
}
@article{Zhu2019,
   author = {Lingxue Zhu and Jing Lei and Lambertus Klei and Bernie Devlin and Kathryn Roeder},
   issue = {2},
   journal = {Proceedings of the National Academy of Sciences},
   pages = {466-471},
   publisher = {National Acad Sciences},
   title = {Semisoft clustering of single-cell data},
   volume = {116},
   year = {2019},
}
@article{Cybenko1989,
   author = {George Cybenko},
   issue = {4},
   journal = {Mathematics of control, signals and systems},
   pages = {303-314},
   publisher = {Springer},
   title = {Approximation by superpositions of a sigmoidal function},
   volume = {2},
   year = {1989},
}
@article{Hornik1989,
   author = {Kurt Hornik and Maxwell Stinchcombe and Halbert White},
   issue = {5},
   journal = {Neural networks},
   pages = {359-366},
   publisher = {Elsevier},
   title = {Multilayer feedforward networks are universal approximators},
   volume = {2},
   year = {1989},
}
@article{Funahashi1989,
   author = {Ken-Ichi Funahashi},
   issue = {3},
   journal = {Neural networks},
   pages = {183-192},
   publisher = {Elsevier},
   title = {On the approximate realization of continuous mappings by neural networks},
   volume = {2},
   year = {1989},
}
@article{Barron1994,
   author = {Andrew R Barron},
   issue = {1},
   journal = {Machine learning},
   pages = {115-133},
   publisher = {Springer},
   title = {Approximation and estimation bounds for artificial neural networks},
   volume = {14},
   year = {1994},
}
@inproceedings{Roark2004,
   author = {Brian Roark and Murat Saraclar and Michael Collins and Mark Johnson},
   booktitle = {Proceedings of the 42nd Annual Meeting of the Association for Computational Linguistics (ACL-04)},
   pages = {47-54},
   title = {Discriminative language modeling with conditional random fields and the perceptron algorithm},
   year = {2004},
}
@article{McCallum2003,
   author = {Andrew McCallum and Wei Li},
   title = {Early results for named entity recognition with conditional random fields, feature induction and web-enhanced lexicons},
   year = {2003},
}
@article{Liu2017,
   author = {Zengjian Liu and Buzhou Tang and Xiaolong Wang and Qingcai Chen},
   journal = {Journal of biomedical informatics},
   pages = {S34–S42},
   publisher = {Elsevier},
   title = {De-identification of clinical notes via recurrent neural network and conditional random field},
   volume = {75},
   year = {2017},
}
@article{Philipp2012,
   author = {Philipp Krähenbühl and Vladlen Koltun},
   journal = {arXiv preprint arXiv:1210.5644},
   title = {Efficient inference in fully connected crfs with gaussian edge potentials},
   year = {2012},
}
@article{Teichmann2018,
   author = {Marvin T T Teichmann and Roberto Cipolla},
   journal = {arXiv preprint arXiv:1805.04777},
   title = {Convolutional CRFs for semantic segmentation},
   year = {2018},
}
@article{Nickolls2008,
   author = {John Nickolls and Ian Buck and Michael Garland and Kevin Skadron},
   issue = {2},
   journal = {Queue},
   pages = {40-53},
   publisher = {ACM New York, NY, USA},
   title = {Scalable parallel programming with cuda: Is cuda the parallel programming model that application developers have been waiting for?},
   volume = {6},
   year = {2008},
}
@article{Boykov2001,
   author = {Yuri Boykov and Olga Veksler and Ramin Zabih},
   issue = {11},
   journal = {IEEE Transactions on pattern analysis and machine intelligence},
   pages = {1222-1239},
   publisher = {IEEE},
   title = {Fast approximate energy minimization via graph cuts},
   volume = {23},
   year = {2001},
}
@inbook{Kalogerakis2010,
   author = {Evangelos Kalogerakis and Aaron Hertzmann and Karan Singh},
   journal = {ACM SIGGRAPH 2010 papers},
   pages = {1-12},
   title = {Learning 3D mesh segmentation and labeling},
   year = {2010},
}
@inproceedings{Ristovski2013,
   author = {Kosta Ristovski and Vladan Radosavljevic and Slobodan Vucetic and Zoran Obradovic},
   issue = {1},
   booktitle = {Proceedings of the AAAI Conference on Artificial Intelligence},
   title = {Continuous conditional random fields for efficient regression in large fully connected graphs},
   volume = {27},
   year = {2013},
}
@inproceedings{Gao2019,
   author = {Hongchang Gao and Jian Pei and Heng Huang},
   booktitle = {Proceedings of the 25th ACM SIGKDD International Conference on Knowledge Discovery {\&} Data Mining},
   pages = {276-284},
   title = {Conditional random field enhanced graph convolutional neural networks},
   year = {2019},
}
@inproceedings{Zhou2004,
   author = {Dengyong Zhou and Bernhard Schölkopf},
   booktitle = {ICML 2004 Workshop on Statistical Relational Learning and Its Connections to Other Fields (SRL 2004)},
   pages = {132-137},
   title = {A regularization framework for learning from graph data},
   year = {2004},
}
@inproceedings{Hou2019,
   author = {Yifan Hou and Jian Zhang and James Cheng and Kaili Ma and Richard T B Ma and Hongzhi Chen and Ming-Chang Yang},
   booktitle = {International Conference on Learning Representations},
   title = {Measuring and improving the use of graph information in graph neural networks},
   year = {2019},
}
@inproceedings{Wang2019,
   author = {Hongwei Wang and Fuzheng Zhang and Mengdi Zhang and Jure Leskovec and Miao Zhao and Wenjie Li and Zhongyuan Wang},
   booktitle = {Proceedings of the 25th ACM SIGKDD International Conference on Knowledge Discovery {\&} Data Mining},
   pages = {968-977},
   title = {Knowledge-aware graph neural networks with label smoothness regularization for recommender systems},
   year = {2019},
}
@book{Murphy2012,
   author = {Kevin P Murphy},
   publisher = {MIT press},
   title = {Machine learning: a probabilistic perspective},
   year = {2012},
}
@article{Ahmad2004,
   author = {Shandar Ahmad and M Michael Gromiha and Akinori Sarai},
   issue = {4},
   journal = {Bioinformatics},
   pages = {477-486},
   publisher = {Oxford University Press},
   title = {Analysis and prediction of DNA-binding proteins and their binding residues based on composition, sequence and structural information},
   volume = {20},
   year = {2004},
}
@article{Kuznetsov2006,
   author = {Alexey S Kuznetsov and Nancy J Kopell and Charles J Wilson},
   issue = {2},
   journal = {Journal of Neurophysiology},
   pages = {932-947},
   publisher = {American Physiological Society},
   title = {Transient high-frequency firing in a coupled-oscillator model of the mesencephalic dopaminergic neuron},
   volume = {95},
   year = {2006},
}
@article{Wang2006,
   author = {Liangjiang Wang and Susan J Brown},
   issue = {suppl_2},
   journal = {Nucleic acids research},
   pages = {W243–W248},
   publisher = {Oxford University Press},
   title = {BindN: a web-based tool for efficient prediction of DNA and RNA binding sites in amino acid sequences},
   volume = {34},
   year = {2006},
}
@article{Sagendorf2017,
   author = {Jared M Sagendorf and Helen M Berman and Remo Rohs},
   issue = {W1},
   journal = {Nucleic acids research},
   pages = {W89–W97},
   publisher = {Oxford University Press},
   title = {DNAproDB: an interactive tool for structural analysis of DNA–protein complexes},
   volume = {45},
   year = {2017},
}
@article{Sagendorf2020,
   author = {Jared M Sagendorf and Nicholas Markarian and Helen M Berman and Remo Rohs},
   issue = {D1},
   journal = {Nucleic acids research},
   pages = {D277–D287},
   publisher = {Oxford University Press},
   title = {DNAproDB: an expanded database and web-based tool for structural analysis of DNA–protein complexes},
   volume = {48},
   year = {2020},
}
@article{Consortium2019,
   author = {Gene Ontology Consortium},
   issue = {D1},
   journal = {Nucleic acids research},
   pages = {D330–D338},
   publisher = {Oxford University Press},
   title = {The gene ontology resource: 20 years and still GOing strong},
   volume = {47},
   year = {2019},
}
@article{Li2006,
   author = {Weizhong Li and Adam Godzik},
   issue = {13},
   journal = {Bioinformatics},
   pages = {1658-1659},
   publisher = {Oxford University Press},
   title = {Cd-hit: a fast program for clustering and comparing large sets of protein or nucleotide sequences},
   volume = {22},
   year = {2006},
}
@article{Li2013,
   author = {Tao Li and Qian-Zhong Li and Shuai Liu and Guo-Liang Fan and Yong-Chun Zuo and Yong Peng},
   issue = {6},
   journal = {Bioinformatics},
   pages = {678-685},
   publisher = {Oxford University Press},
   title = {PreDNA: accurate prediction of DNA-binding sites in proteins by integrating sequence and geometric structure information},
   volume = {29},
   year = {2013},
}
@article{Walia2012,
   author = {Rasna R Walia and Cornelia Caragea and Benjamin A Lewis and Fadi Towfic and Michael Terribilini and Yasser El-Manzalawy and Drena Dobbs and Vasant Honavar},
   issue = {1},
   journal = {BMC bioinformatics},
   pages = {1-20},
   publisher = {Springer},
   title = {Protein-RNA interface residue prediction using machine learning: an assessment of the state of the art},
   volume = {13},
   year = {2012},
}
@article{Sohn2015,
   author = {Kihyuk Sohn and Honglak Lee and Xinchen Yan},
   journal = {Advances in neural information processing systems},
   pages = {3483-3491},
   title = {Learning structured output representation using deep conditional generative models},
   volume = {28},
   year = {2015},
}
@article{Goodfellow2014,
   author = {Ian J Goodfellow and Jean Pouget-Abadie and Mehdi Mirza and Bing Xu and David Warde-Farley and Sherjil Ozair and Aaron Courville and Yoshua Bengio},
   journal = {arXiv preprint arXiv:1406.2661},
   title = {Generative adversarial networks},
   year = {2014},
}
@inproceedings{Wang2018,
   author = {Ting-Chun Wang and Ming-Yu Liu and Jun-Yan Zhu and Andrew Tao and Jan Kautz and Bryan Catanzaro},
   booktitle = {Proceedings of the IEEE conference on computer vision and pattern recognition},
   pages = {8798-8807},
   title = {High-resolution image synthesis and semantic manipulation with conditional gans},
   year = {2018},
}
@inproceedings{Zhu2017,
   author = {Jun-Yan Zhu and Taesung Park and Phillip Isola and Alexei A Efros},
   booktitle = {Proceedings of the IEEE international conference on computer vision},
   pages = {2223-2232},
   title = {Unpaired image-to-image translation using cycle-consistent adversarial networks},
   year = {2017},
}
@article{Weininger1988,
   author = {David Weininger},
   issue = {1},
   journal = {Journal of chemical information and computer sciences},
   pages = {31-36},
   publisher = {ACS Publications},
   title = {SMILES, a chemical language and information system. 1. Introduction to methodology and encoding rules},
   volume = {28},
   year = {1988},
}
@inproceedings{Kusner2017,
   author = {Matt J Kusner and Brooks Paige and José Miguel Hernández-Lobato},
   booktitle = {International Conference on Machine Learning},
   pages = {1945-1954},
   title = {Grammar variational autoencoder},
   year = {2017},
}
@article{Maziarka2020,
   author = {Łukasz Maziarka and Agnieszka Pocha and Jan Kaczmarczyk and Krzysztof Rataj and Tomasz Danel and Michał Warchoł},
   issue = {1},
   journal = {Journal of Cheminformatics},
   pages = {1-18},
   publisher = {BioMed Central},
   title = {Mol-CycleGAN: a generative model for molecular optimization},
   volume = {12},
   year = {2020},
}
@inproceedings{Jin2018,
   author = {Wengong Jin and Regina Barzilay and Tommi Jaakkola},
   booktitle = {International Conference on Machine Learning},
   pages = {2323-2332},
   title = {Junction tree variational autoencoder for molecular graph generation},
   year = {2018},
}
@article{Prykhodko2019,
   author = {Oleksii Prykhodko and Simon Viet Johansson and Panagiotis-Christos Kotsias and Josep Arús-Pous and Esben Jannik Bjerrum and Ola Engkvist and Hongming Chen},
   issue = {1},
   journal = {Journal of Cheminformatics},
   pages = {1-13},
   publisher = {BioMed Central},
   title = {A de novo molecular generation method using latent vector based generative adversarial network},
   volume = {11},
   year = {2019},
}
@article{Kadurin2017,
   author = {Artur Kadurin and Sergey Nikolenko and Kuzma Khrabrov and Alex Aliper and Alex Zhavoronkov},
   issue = {9},
   journal = {Molecular pharmaceutics},
   pages = {3098-3104},
   publisher = {ACS Publications},
   title = {druGAN: an advanced generative adversarial autoencoder model for de novo generation of new molecules with desired molecular properties in silico},
   volume = {14},
   year = {2017},
}
@article{Lim2018,
   author = {Jaechang Lim and Seongok Ryu and Jin Woo Kim and Woo Youn Kim},
   issue = {1},
   journal = {Journal of cheminformatics},
   pages = {1-9},
   publisher = {BioMed Central},
   title = {Molecular generative model based on conditional variational autoencoder for de novo molecular design},
   volume = {10},
   year = {2018},
}
@article{Oscar2020,
   author = {Oscar Méndez-Lucio and Benoit Baillif and Djork-Arné Clevert and David Rouquié and Joerg Wichard},
   issue = {1},
   journal = {Nature communications},
   pages = {1-10},
   publisher = {Nature Publishing Group},
   title = {De novo generation of hit-like molecules from gene expression signatures using artificial intelligence},
   volume = {11},
   year = {2020},
}
@article{Mitton2021,
   author = {Joshua Mitton and Hans M Senn and Klaas Wynne and Roderick Murray-Smith},
   journal = {arXiv preprint arXiv:2104.04345},
   title = {A Graph VAE and Graph Transformer Approach to Generating Molecular Graphs},
   year = {2021},
}
@article{Dollar2021,
   author = {Orion Dollar and Nisarg Joshi and David AC Beck and Jim Pfaendtner},
   publisher = {ChemRxiv},
   title = {Giving Attention to Generative VAE Models for De Novo Molecular Design},
   year = {2021},
}
@article{Hong2019,
   author = {Seung Hwan Hong and Seongok Ryu and Jaechang Lim and Woo Youn Kim},
   issue = {1},
   journal = {Journal of chemical information and modeling},
   pages = {29-36},
   publisher = {ACS Publications},
   title = {Molecular generative model based on an adversarially regularized autoencoder},
   volume = {60},
   year = {2019},
}
@article{Guimaraes2017,
   author = {Gabriel Lima Guimaraes and Benjamin Sanchez-Lengeling and Carlos Outeiral and Pedro Luis Cunha Farias and Alán Aspuru-Guzik},
   journal = {arXiv preprint arXiv:1705.10843},
   title = {Objective-reinforced generative adversarial networks (ORGAN) for sequence generation models},
   year = {2017},
}
@article{Nicola2018,
   author = {Nicola De Cao and Thomas Kipf},
   journal = {arXiv preprint arXiv:1805.11973},
   title = {MolGAN: An implicit generative model for small molecular graphs},
   year = {2018},
}
@article{Vaswani2017,
   author = {Ashish Vaswani and Noam Shazeer and Niki Parmar and Jakob Uszkoreit and Llion Jones and Aidan N Gomez and Lukasz Kaiser and Illia Polosukhin},
   journal = {arXiv preprint arXiv:1706.03762},
   title = {Attention is all you need},
   year = {2017},
}
@article{Linder2020,
   author = {Johannes Linder and Nicholas Bogard and Alexander B Rosenberg and Georg Seelig},
   issue = {1},
   journal = {Cell Systems},
   pages = {49-62},
   publisher = {Elsevier},
   title = {A generative neural network for maximizing fitness and diversity of synthetic DNA and protein sequences},
   volume = {11},
   year = {2020},
}
@article{Alex2021,
   author = {Alex Hawkins-Hooker and Florence Depardieu and Sebastien Baur and Guillaume Couairon and Arthur Chen and David Bikard},
   issue = {2},
   journal = {PLoS computational biology},
   pages = {e1008736},
   publisher = {Public Library of Science},
   title = {Generating functional protein variants with variational autoencoders},
   volume = {17},
   year = {2021},
}
@article{Killoran2017,
   author = {Nathan Killoran and Leo J Lee and Andrew Delong and David Duvenaud and Brendan J Frey},
   journal = {arXiv preprint arXiv:1712.06148},
   title = {Generating and designing DNA with deep generative models},
   year = {2017},
}
@article{Yan2021,
   author = {Zichao Yan and William L Hamilton and Mathieu Blanchette},
   journal = {arXiv preprint arXiv:2102.00925},
   title = {Neural representation and generation for RNA secondary structures},
   year = {2021},
}
@article{Gupta2018,
   author = {Anvita Gupta and James Zou},
   journal = {arXiv preprint arXiv:1804.01694},
   title = {Feedback GAN (FBGAN) for DNA: a novel feedback-loop architecture for optimizing protein functions},
   year = {2018},
}
@article{Berman2020,
   author = {Daniel S Berman and Craig Howser and Thomas Mehoke and Jared D Evans},
   journal = {arXiv preprint arXiv:2008.11790},
   title = {MutaGAN: A Seq2seq GAN Framework to Predict Mutations of Evolving Protein Populations},
   year = {2020},
}
@inproceedings{Koutra2011,
   author = {Danai Koutra and Ankur Parikh and Aaditya Ramdas and Jing Xiang},
   booktitle = {Proc. Ecol. Inference Conf},
   title = {Algorithms for graph similarity and subgraph matching},
   volume = {17},
   year = {2011},
}
@article{Lin2019,
   author = {Xue Lin and Dongmei Niu and Xiuyang Zhao and Bo Yang and Caiming Zhang},
   journal = {Neurocomputing},
   pages = {131-141},
   publisher = {Elsevier},
   title = {A novel method for graph matching based on belief propagation},
   volume = {325},
   year = {2019},
}
@article{Kelley1960,
   author = {Henry J Kelley},
   issue = {10},
   journal = {Ars Journal},
   pages = {947-954},
   title = {Gradient theory of optimal flight paths},
   volume = {30},
   year = {1960},
}
@article{Berman2000,
   author = {Helen M Berman and John Westbrook and Zukang Feng and Gary Gilliland and Talapady N Bhat and Helge Weissig and Ilya N Shindyalov and Philip E Bourne},
   issue = {1},
   journal = {Nucleic acids research},
   pages = {235-242},
   publisher = {Oxford University Press},
   title = {The protein data bank},
   volume = {28},
   year = {2000},
}
@article{Fornes2020,
   author = {Oriol Fornes and Jaime A Castro-Mondragon and Aziz Khan and Robin der Lee and Xi Zhang and Phillip A Richmond and Bhavi P Modi and Solenne Correard and Marius Gheorghe and Damir Baranašić and others},
   issue = {D1},
   journal = {Nucleic acids research},
   pages = {D87–D92},
   publisher = {Oxford University Press},
   title = {JASPAR 2020: update of the open-access database of transcription factor binding profiles},
   volume = {48},
   year = {2020},
}
@article{Wingender2008,
   author = {Edgar Wingender},
   issue = {4},
   journal = {Briefings in bioinformatics},
   pages = {326-332},
   publisher = {Oxford University Press},
   title = {The TRANSFAC project as an example of framework technology that supports the analysis of genomic regulation},
   volume = {9},
   year = {2008},
}
@article{Deng2018,
   author = {Lei Deng and Juan Pan and Xiaojie Xu and Wenyi Yang and Chuyao Liu and Hui Liu},
   issue = {19},
   journal = {BMC bioinformatics},
   pages = {135-145},
   publisher = {Springer},
   title = {PDRLGB: precise DNA-binding residue prediction using a light gradient boosting machine},
   volume = {19},
   year = {2018},
}
@article{Wang2010,
   author = {Liangjiang Wang and Caiyan Huang and Mary Qu Yang and Jack Y Yang},
   issue = {1},
   journal = {BMC Systems Biology},
   pages = {1-9},
   publisher = {Springer},
   title = {BindN+ for accurate prediction of DNA and RNA-binding residues from protein sequence features},
   volume = {4},
   year = {2010},
}
@article{Alam2020,
   author = {Tanvir Alam and Hamada R H Al-Absi and Sebastian Schmeier},
   issue = {4},
   journal = {Non-coding RNA},
   pages = {47},
   publisher = {Multidisciplinary Digital Publishing Institute},
   title = {Deep Learning in LncRNAome: Contribution, Challenges, and Perspectives},
   volume = {6},
   year = {2020},
}
@article{Yi2020,
   author = {Hai-Cheng Yi and Zhu-Hong You and Mei-Neng Wang and Zhen-Hao Guo and Yan-Bin Wang and Ji-Ren Zhou},
   issue = {1},
   journal = {BMC bioinformatics},
   pages = {1-10},
   publisher = {Springer},
   title = {RPI-SE: a stacking ensemble learning framework for ncRNA-protein interactions prediction using sequence information},
   volume = {21},
   year = {2020},
}
@article{Yi2018,
   author = {Hai-Cheng Yi and Zhu-Hong You and De-Shuang Huang and Xiao Li and Tong-Hai Jiang and Li-Ping Li},
   journal = {Molecular Therapy-Nucleic Acids},
   pages = {337-344},
   publisher = {Elsevier},
   title = {A deep learning framework for robust and accurate prediction of ncRNA-protein interactions using evolutionary information},
   volume = {11},
   year = {2018},
}
@article{Baek2018,
   author = {Junghwan Baek and Byunghan Lee and Sunyoung Kwon and Sungroh Yoon},
   issue = {22},
   journal = {Bioinformatics},
   pages = {3889-3897},
   publisher = {Oxford University Press},
   title = {LncRNAnet: long non-coding RNA identification using deep learning},
   volume = {34},
   year = {2018},
}
@article{Yang2018,
   author = {Cheng Yang and Longshu Yang and Man Zhou and Haoling Xie and Chengjiu Zhang and May D Wang and Huaiqiu Zhu},
   issue = {22},
   journal = {Bioinformatics},
   pages = {3825-3834},
   publisher = {Oxford University Press},
   title = {LncADeep: an ab initio lncRNA identification and functional annotation tool based on deep learning},
   volume = {34},
   year = {2018},
}
@inproceedings{Alam2019,
   author = {Tanvir Alam and Mohammad Tariqul Islam and Mowafa S Househ and Samir Brahim Belhaouari and Ferdaus Ahmed Kawsar},
   booktitle = {ICIMTH},
   pages = {232-235},
   title = {DeepCNPP: Deep Learning Architecture to Distinguish the Promoter of Human Long Non-Coding RNA Genes and Protein-Coding Genes.},
   year = {2019},
}
@article{Tripathi2016,
   author = {Rashmi Tripathi and Sunil Patel and Vandana Kumari and Pavan Chakraborty and Pritish Kumar Varadwaj},
   issue = {1},
   journal = {Network Modeling Analysis in Health Informatics and Bioinformatics},
   pages = {1-14},
   publisher = {Springer},
   title = {DeepLNC, a long non-coding RNA prediction tool using deep neural network},
   volume = {5},
   year = {2016},
}
@article{Gudenas2018,
   author = {Brian L Gudenas and Liangjiang Wang},
   issue = {1},
   journal = {Scientific reports},
   pages = {1-10},
   publisher = {Nature Publishing Group},
   title = {Prediction of LncRNA subcellular localization with deep learning from sequence features},
   volume = {8},
   year = {2018},
}
@article{Pan2016,
   author = {Xiaoyong Pan and Yong-Xian Fan and Junchi Yan and Hong-Bin Shen},
   issue = {1},
   journal = {BMC genomics},
   pages = {1-14},
   publisher = {Springer},
   title = {IPMiner: hidden ncRNA-protein interaction sequential pattern mining with stacked autoencoder for accurate computational prediction},
   volume = {17},
   year = {2016},
}
@article{Zhao2018,
   author = {Qi Zhao and Haifan Yu and Zhong Ming and Huan Hu and Guofei Ren and Hongsheng Liu},
   journal = {Molecular Therapy-Nucleic Acids},
   pages = {464-471},
   publisher = {Elsevier},
   title = {The bipartite network projection-recommended algorithm for predicting long non-coding RNA-protein interactions},
   volume = {13},
   year = {2018},
}
@article{Zhan2019,
   author = {Zhao-Hui Zhan and Li-Na Jia and Yong Zhou and Li-Ping Li and Hai-Cheng Yi},
   issue = {4},
   journal = {International journal of molecular sciences},
   pages = {978},
   publisher = {Multidisciplinary Digital Publishing Institute},
   title = {BGFE: a deep learning model for ncRNA-protein interaction predictions based on improved sequence information},
   volume = {20},
   year = {2019},
}
@article{Peng2019,
   author = {Cheng Peng and Siyu Han and Hui Zhang and Ying Li},
   issue = {5},
   journal = {International journal of molecular sciences},
   pages = {1070},
   publisher = {Multidisciplinary Digital Publishing Institute},
   title = {Rpiter: A hierarchical deep learning framework for ncrna–protein interaction prediction},
   volume = {20},
   year = {2019},
}
@article{Hu2019,
   author = {Jialu Hu and Yiqun Gao and Jing Li and Xuequn Shang},
   journal = {Frontiers in genetics},
   pages = {937},
   publisher = {Frontiers},
   title = {Deep learning enables accurate prediction of interplay between lncRNA and disease},
   volume = {10},
   year = {2019},
}
@article{Huang2019,
   author = {Yu-An Huang and Zhi-An Huang and Zhu-Hong You and Zexuan Zhu and Wen-Zhun Huang and Jian-Xin Guo and Chang-Qing Yu},
   journal = {Frontiers in genetics},
   pages = {758},
   publisher = {Frontiers},
   title = {Predicting lncRNA-miRNA interaction via graph convolution auto-encoder},
   volume = {10},
   year = {2019},
}
@article{Xuan2019,
   author = {Ping Xuan and Shuxiang Pan and Tiangang Zhang and Yong Liu and Hao Sun},
   issue = {9},
   journal = {Cells},
   pages = {1012},
   publisher = {Multidisciplinary Digital Publishing Institute},
   title = {Graph convolutional network and convolutional neural network based method for predicting lncRNA-disease associations},
   volume = {8},
   year = {2019},
}
@inproceedings{Abdullah2019,
   author = {Abdullah Al Mamun and Ananda Mohan Mondal},
   booktitle = {Proceedings of the 10th ACM International Conference on Bioinformatics, Computational Biology and Health Informatics},
   pages = {541},
   title = {Long non-coding rna based cancer classification using deep neural networks},
   year = {2019},
}
@article{Xuan2019,
   author = {Ping Xuan and Yangkun Cao and Tiangang Zhang and Rui Kong and Zhaogong Zhang},
   journal = {Frontiers in genetics},
   pages = {416},
   publisher = {Frontiers},
   title = {Dual convolutional neural networks with attention mechanisms based method for predicting disease-related lncRNA genes},
   volume = {10},
   year = {2019},
}
@article{Seifuddin2020,
   author = {Fayaz Seifuddin and Komudi Singh and Abhilash Suresh and Jennifer T Judy and Yun-Ching Chen and Vijender Chaitankar and Ilker Tunc and Xiangbo Ruan and Ping Li and Yi Chen and others},
   issue = {1},
   journal = {Scientific Data},
   pages = {1-16},
   publisher = {Nature Publishing Group},
   title = {lncRNAKB, a knowledgebase of tissue-specific functional annotation and trait association of long noncoding RNA},
   volume = {7},
   year = {2020},
}
@article{Wapinski2011,
   author = {Orly Wapinski and Howard Y Chang},
   issue = {6},
   journal = {Trends in cell biology},
   pages = {354-361},
   publisher = {Elsevier},
   title = {Long noncoding RNAs and human disease},
   volume = {21},
   year = {2011},
}
@article{Olivia2021,
   author = {Olivia M de Goede and Daniel C Nachun and Nicole M Ferraro and Michael J Gloudemans and Abhiram S Rao and Craig Smail and Tiffany Y Eulalio and François Aguet and Bernard Ng and Jishu Xu and others},
   journal = {Cell},
   publisher = {Elsevier},
   title = {Population-scale tissue transcriptomics maps long non-coding RNAs to complex disease},
   year = {2021},
}
@article{Mitra2021,
   author = {Raktim Mitra and Adam L MacLean},
   doi = {10.1093/bioinformatics/btab260},
   issn = {1367-4803},
   journal = {Bioinformatics},
   month = {2},
   note = {btab260},
   title = {RVAgene: Generative modeling of gene expression time series data},
   url = {https://doi.org/10.1093/bioinformatics/btab260},
   year = {2021},
}
@article{Persikov2009,
   author = {Anton V Persikov and Robert Osada and Mona Singh},
   issue = {1},
   journal = {Bioinformatics},
   pages = {22-29},
   publisher = {Oxford University Press},
   title = {Predicting DNA recognition by Cys2His2 zinc finger proteins},
   volume = {25},
   year = {2009},
}
@article{Lam2019,
   author = {Jordy Homing Lam and Yu Li and Lizhe Zhu and Ramzan Umarov and Hanlun Jiang and Amélie Héliou and Fu Kit Sheong and Tianyun Liu and Yongkang Long and Yunfei Li and others},
   issue = {1},
   journal = {Nature communications},
   pages = {1-13},
   publisher = {Nature Publishing Group},
   title = {A deep learning framework to predict binding preference of RNA constituents on protein surface},
   volume = {10},
   year = {2019},
}
@article{Persikov2014,
   author = {Anton V Persikov and Mona Singh},
   issue = {1},
   journal = {Nucleic acids research},
   pages = {97-108},
   publisher = {Oxford University Press},
   title = {De novo prediction of DNA-binding specificities for Cys2His2 zinc finger proteins},
   volume = {42},
   year = {2014},
}
@article{Meseguer2020,
   author = {Alberto Meseguer and Filip Årman and Oriol Fornes and Ruben Molina-Fernández and Jaume Bonet and Narcis Fernandez-Fuentes and Baldo Oliva},
   issue = {3},
   journal = {NAR genomics and bioinformatics},
   pages = {lqaa046},
   publisher = {Oxford University Press},
   title = {On the prediction of DNA-binding preferences of C2H2-ZF domains using structural models: application on human CTCF},
   volume = {2},
   year = {2020},
}
@article{Molparia2010,
   author = {Bhuvan Molparia and Kanav Goyal and Anita Sarkar and Sonu Kumar and Durai Sundar},
   issue = {2},
   journal = {Genomics, Proteomics {\&} Bioinformatics},
   pages = {122-126},
   publisher = {Elsevier},
   title = {ZiF-Predict: a web tool for predicting DNA-binding specificity in C2H2 zinc finger proteins},
   volume = {8},
   year = {2010},
}
@article{Najafabadi2017,
   author = {Hamed S Najafabadi and Michael Garton and Matthew T Weirauch and Sanie Mnaimneh and Ally Yang and Philip M Kim and Timothy R Hughes},
   issue = {1},
   journal = {Genome biology},
   pages = {1-15},
   publisher = {BioMed Central},
   title = {Non-base-contacting residues enable kaleidoscopic evolution of metazoan C2H2 zinc finger DNA binding},
   volume = {18},
   year = {2017},
}
@article{Lafontaine2000,
   author = {Ingrid Lafontaine and Richard Lavery},
   issue = {4},
   journal = {Biopolymers: Original Research on Biomolecules},
   pages = {292-310},
   publisher = {Wiley Online Library},
   title = {ADAPT: a molecular mechanics approach for studying the structural properties of long DNA sequences},
   volume = {56},
   year = {2000},
}
@article{Afek2020,
   author = {Ariel Afek and Honglue Shi and Atul Rangadurai and Harshit Sahay and Alon Senitzki and Suela Xhani and Mimi Fang and Raul Salinas and Zachery Mielko and Miles A Pufall and others},
   issue = {7833},
   journal = {Nature},
   pages = {291-296},
   publisher = {Nature Publishing Group},
   title = {DNA mismatches reveal conformational penalties in protein–DNA recognition},
   volume = {587},
   year = {2020},
}
@article{Noyes2008,
   author = {Marcus B Noyes and Ryan G Christensen and Atsuya Wakabayashi and Gary D Stormo and Michael H Brodsky and Scot A Wolfe},
   issue = {7},
   journal = {Cell},
   pages = {1277-1289},
   publisher = {Elsevier},
   title = {Analysis of homeodomain specificities allows the family-wide prediction of preferred recognition sites},
   volume = {133},
   year = {2008},
}
@article{Kulakovskiy2018,
   author = {Ivan V Kulakovskiy and Ilya E Vorontsov and Ivan S Yevshin and Ruslan N Sharipov and Alla D Fedorova and Eugene I Rumynskiy and Yulia A Medvedeva and Arturo Magana-Mora and Vladimir B Bajic and Dmitry A Papatsenko and others},
   issue = {D1},
   journal = {Nucleic acids research},
   pages = {D252–D259},
   publisher = {Oxford University Press},
   title = {HOCOMOCO: towards a complete collection of transcription factor binding models for human and mouse via large-scale ChIP-Seq analysis},
   volume = {46},
   year = {2018},
}
@article{Stirnimann2010,
   author = {Christian U Stirnimann and Denis Ptchelkine and Clemens Grimm and Christoph W Müller},
   issue = {1},
   journal = {Journal of molecular biology},
   pages = {71-81},
   publisher = {Elsevier},
   title = {Structural Basis of TBX5–DNA Recognition: The T-Box Domain in Its DNA-Bound and-Unbound Form},
   volume = {400},
   year = {2010},
}
@article{Kim1993,
   author = {Youngchang Kim and James Geiger and Steven Hahn and Paul B Sigler and others},
   issue = {6446},
   journal = {Nature},
   pages = {512-520},
   publisher = {Nature Publishing Group},
   title = {Crystal structure of a yeast TBP/TATA-box complex},
   volume = {365},
   year = {1993},
}
@article{Rohs2009,
   author = {Remo Rohs and Sean M West and Alona Sosinsky and Peng Liu and Richard S Mann and Barry Honig},
   issue = {7268},
   journal = {Nature},
   pages = {1248-1253},
   publisher = {Nature Publishing Group},
   title = {The role of DNA shape in protein–DNA recognition},
   volume = {461},
   year = {2009},
}
@article{Alleyne2009,
   author = {Trevis M Alleyne and Lourdes Peña-Castillo and Gwenael Badis and Shaheynoor Talukder and Michael F Berger and Andrew R Gehrke and Anthony A Philippakis and Martha L Bulyk and Quaid D Morris and Timothy R Hughes},
   issue = {8},
   journal = {Bioinformatics},
   pages = {1012-1018},
   publisher = {Oxford University Press},
   title = {Predicting the binding preference of transcription factors to individual DNA k-mers},
   volume = {25},
   year = {2009},
}
@article{Adrian2010,
   author = {Adrian Schröder and Johannes Eichner and Jochen Supper and Jonas Eichner and Dierk Wanke and Carsten Henneges and Andreas Zell},
   issue = {11},
   journal = {PloS one},
   pages = {e13876},
   publisher = {Public Library of Science San Francisco, USA},
   title = {Predicting DNA-binding specificities of eukaryotic transcription factors},
   volume = {5},
   year = {2010},
}
@article{Dror2014,
   author = {Iris Dror and Tianyin Zhou and Yael Mandel-Gutfreund and Remo Rohs},
   issue = {1},
   journal = {Nucleic acids research},
   pages = {430-441},
   publisher = {Oxford University Press},
   title = {Covariation between homeodomain transcription factors and the shape of their DNA binding sites},
   volume = {42},
   year = {2014},
}
@article{Zhou2013,
   author = {Tianyin Zhou and Lin Yang and Yan Lu and Iris Dror and Ana Carolina Dantas Machado and Tahereh Ghane and Rosa Di Felice and Remo Rohs},
   issue = {W1},
   journal = {Nucleic acids research},
   pages = {W56–W62},
   publisher = {Oxford University Press},
   title = {DNAshape: a method for the high-throughput prediction of DNA structural features on a genomic scale},
   volume = {41},
   year = {2013},
}
@article{Blanchet2011,
   author = {Christophe Blanchet and Marco Pasi and Krystyna Zakrzewska and Richard Lavery},
   issue = {suppl_2},
   journal = {Nucleic acids research},
   pages = {W68–W73},
   publisher = {Oxford University Press},
   title = {CURVES+ web server for analyzing and visualizing the helical, backbone and groove parameters of nucleic acid structures},
   volume = {39},
   year = {2011},
}
@article{Lu2003,
   author = {Xiang-Jun Lu and Wilma K Olson},
   issue = {17},
   journal = {Nucleic acids research},
   pages = {5108-5121},
   publisher = {Oxford University Press},
   title = {3DNA: a software package for the analysis, rebuilding and visualization of three-dimensional nucleic acid structures},
   volume = {31},
   year = {2003},
}
@article{Lu2015,
   author = {Xiang-Jun Lu and Harmen J Bussemaker and Wilma K Olson},
   issue = {21},
   journal = {Nucleic acids research},
   pages = {e142–e142},
   publisher = {Oxford University Press},
   title = {DSSR: an integrated software tool for dissecting the spatial structure of RNA},
   volume = {43},
   year = {2015},
}
@article{Fu2012,
   author = {Limin Fu and Beifang Niu and Zhengwei Zhu and Sitao Wu and Weizhong Li},
   issue = {23},
   journal = {Bioinformatics},
   pages = {3150-3152},
   publisher = {Oxford University Press},
   title = {CD-HIT: accelerated for clustering the next-generation sequencing data},
   volume = {28},
   year = {2012},
}
@article{Aggarwal2016,
   author = {Rakesh Aggarwal and Priya Ranganathan},
   issue = {4},
   journal = {Perspectives in clinical research},
   pages = {187},
   publisher = {Wolters Kluwer–Medknow Publications},
   title = {Common pitfalls in statistical analysis: The use of correlation techniques},
   volume = {7},
   year = {2016},
}
@article{Persikov2015,
   author = {Anton V Persikov and Joshua L Wetzel and Elizabeth F Rowland and Benjamin L Oakes and Denise J Xu and Mona Singh and Marcus B Noyes},
   issue = {3},
   journal = {Nucleic acids research},
   pages = {1965-1984},
   publisher = {Oxford University Press},
   title = {A systematic survey of the Cys2His2 zinc finger DNA-binding landscape},
   volume = {43},
   year = {2015},
}
@article{Escalante1998,
   author = {Carlos R Escalante and Junming Yie and Dimitris Thanos and Aneel K Aggarwal},
   issue = {6662},
   journal = {Nature},
   pages = {103-106},
   publisher = {Nature Publishing Group},
   title = {Structure of IRF-1 with bound DNA reveals determinants of interferon regulation},
   volume = {391},
   year = {1998},
}
@article{Lamoureux2006,
   author = {Jason S Lamoureux and J N Mark Glover},
   issue = {3},
   journal = {Structure},
   pages = {555-565},
   publisher = {Elsevier},
   title = {Principles of protein-DNA recognition revealed in the structural analysis of Ndt80-MSE DNA complexes},
   volume = {14},
   year = {2006},
}
@article{Olson2001,
   author = {Wilma K Olson and Manju Bansal and Stephen K Burley and Richard E Dickerson and Mark Gerstein and Stephen C Harvey and Udo Heinemann and Xiang-Jun Lu and Stephen Neidle and Zippora Shakked and others},
   issue = {1},
   journal = {Journal of molecular biology},
   pages = {229-237},
   publisher = {Elsevier Science},
   title = {A standard reference frame for the description of nucleic acid base-pair geometry},
   volume = {313},
   year = {2001},
}
@article{Jumper2021,
   author = {John Jumper and Richard Evans and Alexander Pritzel and Tim Green and Michael Figurnov and Olaf Ronneberger and Kathryn Tunyasuvunakool and Russ Bates and Augustin Zidek and Anna Potapenko and Alex Bridgland and Clemens Meyer and Simon A. A. Kohl and Andrew J. Ballard and Andrew Cowie and Bernardino Romera-Paredes and Stanislav Nikolov and Rishub Jain and Jonas Adler and Trevor Back and Stig Petersen and David Reiman and Ellen Clancy and Michal Zielinski and Martin Steinegger and Michalina Pacholska and Tamas Berghammer and Sebastian Bodenstein and David Silver and Oriol Vinyals and Andrew W. Senior and Koray Kavukcuoglu and Pushmeet Kohli and Demis Hassabis},
   doi = {10.1038/s41586-021-03819-2},
   issn = {0028-0836},
   issue = {7873},
   journal = {Nature},
   month = {8},
   pages = {583-589},
   title = {Highly accurate protein structure prediction with AlphaFold},
   volume = {596},
   year = {2021},
}
@article{Baek2021,
   author = {Minkyung Baek and Frank DiMaio and Ivan Anishchenko and Justas Dauparas and Sergey Ovchinnikov and Gyu Rie Lee and Jue Wang and Qian Cong and Lisa N. Kinch and R. Dustin Schaeffer and Claudia Millán and Hahnbeom Park and Carson Adams and Caleb R. Glassman and Andy DeGiovanni and Jose H. Pereira and Andria V. Rodrigues and Alberdina A. van Dijk and Ana C. Ebrecht and Diederik J. Opperman and Theo Sagmeister and Christoph Buhlheller and Tea Pavkov-Keller and Manoj K. Rathinaswamy and Udit Dalwadi and Calvin K. Yip and John E. Burke and K. Christopher Garcia and Nick V. Grishin and Paul D. Adams and Randy J. Read and David Baker},
   doi = {10.1126/science.abj8754},
   issn = {0036-8075},
   issue = {6557},
   journal = {Science},
   month = {8},
   pages = {871-876},
   title = {Accurate prediction of protein structures and interactions using a three-track neural network},
   volume = {373},
   year = {2021},
}
@article{Esmaeeli2023,
   author = {Reza Esmaeeli and Antonio Bauzá and Alberto Perez},
   doi = {10.1093/nar/gkad013},
   issn = {0305-1048},
   journal = {Nucleic Acids Research},
   month = {2},
   title = {Structural predictions of protein–DNA binding: MELD-DNA},
   year = {2023},
}
@article{Jaime2022,
   author = {Jaime A Castro-Mondragon and Rafael Riudavets-Puig and Ieva Rauluseviciute and Roza Berhanu Lemma and Laura Turchi and Romain Blanc-Mathieu and Jeremy Lucas and Paul Boddie and Aziz Khan and Nicolás Manosalva Pérez and Oriol Fornes and Tiffany Y Leung and Alejandro Aguirre and Fayrouz Hammal and Daniel Schmelter and Damir Baranasic and Benoit Ballester and Albin Sandelin and Boris Lenhard and Klaas Vandepoele and Wyeth W Wasserman and François Parcy and Anthony Mathelier},
   doi = {10.1093/nar/gkab1113},
   issn = {0305-1048},
   issue = {D1},
   journal = {Nucleic Acids Research},
   month = {1},
   pages = {D165-D173},
   title = {JASPAR 2022: the 9th release of the open-access database of transcription factor binding profiles},
   volume = {50},
   year = {2022},
}
@article{Mistry2021,
   author = {Jaina Mistry and Sara Chuguransky and Lowri Williams and Matloob Qureshi and Gustavo A Salazar and Erik L L Sonnhammer and Silvio C E Tosatto and Lisanna Paladin and Shriya Raj and Lorna J Richardson and Robert D Finn and Alex Bateman},
   doi = {10.1093/nar/gkaa913},
   issn = {0305-1048},
   issue = {D1},
   journal = {Nucleic Acids Research},
   month = {1},
   pages = {D412-D419},
   title = {Pfam: The protein families database in 2021},
   volume = {49},
   year = {2021},
}
@article{Persikov2011,
   author = {Anton V Persikov and Mona Singh},
   doi = {10.1088/1478-3975/8/3/035010},
   issn = {1478-3975},
   issue = {3},
   journal = {Physical Biology},
   month = {6},
   pages = {035010},
   title = {An expanded binding model for Cys <sub>2</sub> His <sub>2</sub> zinc finger protein–DNA interfaces},
   volume = {8},
   year = {2011},
}
@article{Ichikawa2023,
   author = {David M. Ichikawa and Osama Abdin and Nader Alerasool and Manjunatha Kogenaru and April L. Mueller and Han Wen and David O. Giganti and Gregory W. Goldberg and Samantha Adams and Jeffrey M. Spencer and Rozita Razavi and Satra Nim and Hong Zheng and Courtney Gionco and Finnegan T. Clark and Alexey Strokach and Timothy R. Hughes and Timothee Lionnet and Mikko Taipale and Philip M. Kim and Marcus B. Noyes},
   doi = {10.1038/s41587-022-01624-4},
   issn = {1087-0156},
   journal = {Nature Biotechnology},
   month = {1},
   title = {A universal deep-learning model for zinc finger design enables transcription factor reprogramming},
   year = {2023},
}
@article{Sofia2022,
   author = {Sofia Aizenshtein-Gazit and Yaron Orenstein},
   doi = {10.1093/bioinformatics/btac469},
   issn = {1367-4803},
   issue = {Supplement{\_}2},
   journal = {Bioinformatics},
   month = {9},
   pages = {ii62-ii67},
   title = {DeepZF: improved DNA-binding prediction of C{$_2$}H{$_2$}-zinc-finger proteins by deep transfer learning},
   volume = {38},
   year = {2022},
}
@article{Vousden2009,
   author = {Karen H. Vousden and Carol Prives},
   doi = {10.1016/j.cell.2009.04.037},
   issn = {00928674},
   issue = {3},
   journal = {Cell},
   month = {5},
   pages = {413-431},
   title = {Blinded by the Light: The Growing Complexity of p53},
   volume = {137},
   year = {2009},
}
@article{Joerger2008,
   author = {Andreas C. Joerger and Alan R. Fersht},
   doi = {10.1146/annurev.biochem.77.060806.091238},
   issn = {0066-4154},
   issue = {1},
   journal = {Annual Review of Biochemistry},
   month = {6},
   pages = {557-582},
   title = {Structural Biology of the Tumor Suppressor p53},
   volume = {77},
   year = {2008},
}
@article{Peng2018,
   author = {Yunhui Peng and Lexuan Sun and Zhe Jia and Lin Li and Emil Alexov},
   doi = {10.1093/bioinformatics/btx698},
   issn = {1367-4803},
   issue = {5},
   journal = {Bioinformatics},
   month = {3},
   pages = {779-786},
   title = {Predicting protein–DNA binding free energy change upon missense mutations using modified MM/PBSA approach: SAMPDI webserver},
   volume = {34},
   year = {2018},
}
@article{Ovek2022,
   author = {Damla Ovek and Zeynep Abali and Melisa Ece Zeylan and Ozlem Keskin and Attila Gursoy and Nurcan Tuncbag},
   doi = {10.1016/j.sbi.2021.11.003},
   issn = {0959440X},
   journal = {Current Opinion in Structural Biology},
   month = {2},
   pages = {209-218},
   title = {Artificial intelligence based methods for hot spot prediction},
   volume = {72},
   year = {2022},
}
@article{Xie2018,
   author = {Tian Xie and Jeffrey C. Grossman},
   doi = {10.1103/PhysRevLett.120.145301},
   issn = {0031-9007},
   issue = {14},
   journal = {Physical Review Letters},
   month = {4},
   pages = {145301},
   title = {Crystal Graph Convolutional Neural Networks for an Accurate and Interpretable Prediction of Material Properties},
   volume = {120},
   year = {2018},
}
@article{Deng2018,
   author = {Haowen Deng and Tolga Birdal and Slobodan Ilic},
   month = {2},
   title = {PPFNet: Global Context Aware Local Features for Robust 3D Point Matching},
   url = {http://arxiv.org/abs/1802.02669},
   year = {2018},
}
@article{Chiu2023,
   author = {Tsu-Pei Chiu and Satyanarayan Rao and Remo Rohs},
   doi = {10.1073/pnas.2205796120},
   issn = {0027-8424},
   issue = {4},
   journal = {Proceedings of the National Academy of Sciences},
   month = {1},
   title = {Physicochemical models of protein–DNA binding with standard and modified base pairs},
   volume = {120},
   year = {2023},
}
@article{Abe2015,
   author = {Namiko Abe and Iris Dror and Lin Yang and Matthew Slattery and Tianyin Zhou and Harmen J. Bussemaker and Remo Rohs and Richard S. Mann},
   doi = {10.1016/j.cell.2015.02.008},
   issn = {00928674},
   issue = {2},
   journal = {Cell},
   month = {4},
   pages = {307-318},
   title = {Deconvolving the Recognition of DNA Shape from Sequence},
   volume = {161},
   year = {2015},
}
@article{baek2024na,
  title={Accurate prediction of protein--nucleic acid complexes using RoseTTAFoldNA},
  author={Baek, Minkyung and McHugh, Ryan and Anishchenko, Ivan and Jiang, Hanlun and Baker, David and DiMaio, Frank},
  journal={Nature methods},
  volume={21},
  number={1},
  pages={117--121},
  year={2024},
  publisher={Nature Publishing Group US New York}
}
@article{Kitayner2006,
   author = {Malka Kitayner and Haim Rozenberg and Naama Kessler and Dov Rabinovich and Lihi Shaulov and Tali E. Haran and Zippora Shakked},
   doi = {10.1016/j.molcel.2006.05.015},
   issn = {10972765},
   issue = {6},
   journal = {Molecular Cell},
   month = {6},
   pages = {741-753},
   title = {Structural Basis of DNA Recognition by p53 Tetramers},
   volume = {22},
   year = {2006},
}
@article{Nair2003,
   author = {Satish K. Nair and Stephen K. Burley},
   doi = {10.1016/S0092-8674(02)01284-9},
   issn = {00928674},
   issue = {2},
   journal = {Cell},
   month = {1},
   pages = {193-205},
   title = {X-Ray Structures of Myc-Max and Mad-Max Recognizing DNA},
   volume = {112},
   year = {2003},
}
@article{Morrison2001,
   author = {Kim L Morrison and Gregory A Weiss},
   doi = {10.1016/S1367-5931(00)00206-4},
   issn = {13675931},
   issue = {3},
   journal = {Current Opinion in Chemical Biology},
   month = {6},
   pages = {302-307},
   title = {Combinatorial alanine-scanning},
   volume = {5},
   year = {2001},
}
@article{Spitz2012,
   author = {François Spitz and Eileen E. M. Furlong},
   doi = {10.1038/nrg3207},
   issn = {1471-0056},
   issue = {9},
   journal = {Nature Reviews Genetics},
   month = {9},
   pages = {613-626},
   title = {Transcription factors: from enhancer binding to developmental control},
   volume = {13},
   year = {2012},
}
@article{Christensen2012,
   author = {Ryan G. Christensen and Metewo Selase Enuameh and Marcus B. Noyes and Michael H. Brodsky and Scot A. Wolfe and Gary D. Stormo},
   doi = {10.1093/bioinformatics/bts202},
   issn = {1367-4811},
   issue = {12},
   journal = {Bioinformatics},
   month = {6},
   pages = {i84-i89},
   title = {Recognition models to predict DNA-binding specificities of homeodomain proteins},
   volume = {28},
   year = {2012},
}
@article{Zuo2022,
   author = {Zheng Zuo and Yiming Kenny Chang and Gary D Stormo},
   doi = {10.1093/bfgp/elab044},
   issn = {2041-2649},
   issue = {2},
   journal = {Briefings in Functional Genomics},
   month = {4},
   pages = {142-142},
   title = {Corrigendum to: Spec-seq: determining protein-DNA-binding specificity by sequencing},
   volume = {21},
   year = {2022},
}
@article{Zhao2009,
   author = {Yue Zhao and David Granas and Gary D. Stormo},
   doi = {10.1371/journal.pcbi.1000590},
   issn = {1553-7358},
   issue = {12},
   journal = {PLoS Computational Biology},
   month = {12},
   pages = {e1000590},
   title = {Inferring Binding Energies from Selected Binding Sites},
   volume = {5},
   year = {2009},
}
@article{Helene1977,
   author = {Claude Helene},
   issue = {1},
   journal = {FEBS letters},
   pages = {10-13},
   title = {Specific recognition of guanine bases in protein—nucleic acid complexes},
   volume = {74},
   year = {1977},
}
@article{Agback1998,
   author = {Peter Agback and Herbert Baumann and Stefan Knapp and Rudolf Ladenstein and Torleif Härd},
   doi = {10.1038/836},
   issn = {1072-8368},
   issue = {7},
   journal = {Nature Structural Biology},
   month = {7},
   pages = {579-584},
   title = {Architecture of nonspecific protein–DNA interactions in the Sso7d–DNA complex},
   volume = {5},
   year = {1998},
}
@article{Peterson2007,
   author = {Stacey N. Peterson and Frederick W. Dahlquist and Norbert O. Reich},
   doi = {10.1016/j.jmb.2007.04.023},
   issn = {00222836},
   issue = {5},
   journal = {Journal of Molecular Biology},
   month = {6},
   pages = {1307-1317},
   title = {The Role of High Affinity Non-specific DNA Binding by Lrp in Transcriptional Regulation and DNA Organization},
   volume = {369},
   year = {2007},
}
@article{Maier2015,
   author = {James A. Maier and Carmenza Martinez and Koushik Kasavajhala and Lauren Wickstrom and Kevin E. Hauser and Carlos Simmerling},
   doi = {10.1021/acs.jctc.5b00255},
   issn = {1549-9618},
   issue = {8},
   journal = {Journal of Chemical Theory and Computation},
   month = {8},
   pages = {3696-3713},
   title = {ff14SB: Improving the Accuracy of Protein Side Chain and Backbone Parameters from ff99SB},
   volume = {11},
   year = {2015},
}
@article{Ivani2016,
   author = {Ivan Ivani and Pablo D Dans and Agnes Noy and Alberto Pérez and Ignacio Faustino and Adam Hospital and Jürgen Walther and Pau Andrio and Ramon Goñi and Alexandra Balaceanu and Guillem Portella and Federica Battistini and Josep Lluis Gelpi and Carlos González and Michele Vendruscolo and Charles A Laughton and Sarah A Harris and David A Case and Modesto Orozco},
   doi = {10.1038/nmeth.3658},
   issn = {1548-7091},
   issue = {1},
   journal = {Nature Methods},
   month = {1},
   pages = {55-58},
   title = {Parmbsc1: a refined force field for DNA simulations},
   volume = {13},
   year = {2016},
}
@article{Ghoshdastidar2022,
   author = {Debostuti Ghoshdastidar and Manju Bansal},
   doi = {10.1016/j.bpj.2022.08.015},
   issn = {00063495},
   issue = {20},
   journal = {Biophysical Journal},
   month = {10},
   pages = {3987-4000},
   title = {Flexibility of flanking DNA is a key determinant of transcription factor affinity for the core motif},
   volume = {121},
   year = {2022},
}
@article{Chiu2022,
   author = {Tsu-Pei Chiu and Jinsen Li and Yibei Jiang and Remo Rohs},
   doi = {10.1016/j.bpj.2022.09.020},
   issn = {00063495},
   issue = {20},
   journal = {Biophysical Journal},
   month = {10},
   pages = {3765-3767},
   title = {It is in the flanks: Conformational flexibility of transcription factor binding sites},
   volume = {121},
   year = {2022},
}
@article{Joshi2007,
   author = {Rohit Joshi and Jonathan M. Passner and Remo Rohs and Rinku Jain and Alona Sosinsky and Michael A. Crickmore and Vinitha Jacob and Aneel K. Aggarwal and Barry Honig and Richard S. Mann},
   doi = {10.1016/j.cell.2007.09.024},
   issn = {00928674},
   issue = {3},
   journal = {Cell},
   month = {11},
   pages = {530-543},
   title = {Functional Specificity of a Hox Protein Mediated by the Recognition of Minor Groove Structure},
   volume = {131},
   year = {2007},
}
@article{Berger2009,
   author = {Michael F Berger and Martha L Bulyk},
   doi = {10.1038/nprot.2008.195},
   issn = {1754-2189},
   issue = {3},
   journal = {Nature Protocols},
   month = {3},
   pages = {393-411},
   title = {Universal protein-binding microarrays for the comprehensive characterization of the DNA-binding specificities of transcription factors},
   volume = {4},
   year = {2009},
}
@article{Jolma2013,
   author = {Arttu Jolma and Jian Yan and Thomas Whitington and Jarkko Toivonen and Kazuhiro R. Nitta and Pasi Rastas and Ekaterina Morgunova and Martin Enge and Mikko Taipale and Gonghong Wei and Kimmo Palin and Juan M. Vaquerizas and Renaud Vincentelli and Nicholas M. Luscombe and Timothy R. Hughes and Patrick Lemaire and Esko Ukkonen and Teemu Kivioja and Jussi Taipale},
   doi = {10.1016/j.cell.2012.12.009},
   issn = {00928674},
   issue = {1-2},
   journal = {Cell},
   month = {1},
   pages = {327-339},
   title = {DNA-Binding Specificities of Human Transcription Factors},
   volume = {152},
   year = {2013},
}
@article{Slattery2011,
   author = {Matthew Slattery and Todd Riley and Peng Liu and Namiko Abe and Pilar Gomez-Alcala and Iris Dror and Tianyin Zhou and Remo Rohs and Barry Honig and Harmen J. Bussemaker and Richard S. Mann},
   doi = {10.1016/j.cell.2011.10.053},
   issn = {00928674},
   issue = {6},
   journal = {Cell},
   month = {12},
   pages = {1270-1282},
   title = {Cofactor Binding Evokes Latent Differences in DNA Binding Specificity between Hox Proteins},
   volume = {147},
   year = {2011},
}
@article{Park2009,
   author = {Peter J. Park},
   doi = {10.1038/nrg2641},
   issn = {1471-0056},
   issue = {10},
   journal = {Nature Reviews Genetics},
   month = {10},
   pages = {669-680},
   title = {ChIP–seq: advantages and challenges of a maturing technology},
   volume = {10},
   year = {2009},
}
@article{Kingma2017,
   author = {Diederik P. Kingma and Jimmy Ba},
   journal = {arXiv},
   title = {Adam: A Method for Stochastic Optimization},
   volume = {1412.6980},
   year = {2017},
}
@article{Stormo2013,
   author = {Gary D. Stormo},
   doi = {10.1007/s40484-013-0012-4},
   issn = {2095-4689},
   issue = {2},
   journal = {Quantitative Biology},
   month = {6},
   pages = {115-130},
   title = {Modeling the specificity of protein-DNA interactions},
   volume = {1},
   year = {2013},
}
@article{Rohs2010,
   author = {Remo Rohs and Xiangshu Jin and Sean M. West and Rohit Joshi and Barry Honig and Richard S. Mann},
   doi = {10.1146/annurev-biochem-060408-091030},
   issn = {0066-4154},
   issue = {1},
   journal = {Annual Review of Biochemistry},
   month = {6},
   pages = {233-269},
   title = {Origins of Specificity in Protein-DNA Recognition},
   volume = {79},
   year = {2010},
}
@article{Schildbach1999,
   author = {Joel F. Schildbach and A. Wali Karzai and Brigitte E. Raumann and Robert T. Sauer},
   doi = {10.1073/pnas.96.3.811},
   issn = {0027-8424},
   issue = {3},
   journal = {Proceedings of the National Academy of Sciences},
   month = {2},
   pages = {811-817},
   title = {Origins of DNA-binding specificity: Role of protein contacts with the DNA backbone},
   volume = {96},
   year = {1999},
}
@article{Yanover2011,
   author = {Chen Yanover and Philip Bradley},
   doi = {10.1093/nar/gkr048},
   issn = {1362-4962},
   issue = {11},
   journal = {Nucleic Acids Research},
   month = {6},
   pages = {4564-4576},
   title = {Extensive protein and DNA backbone sampling improves structure-based specificity prediction for C2H2 zinc fingers},
   volume = {39},
   year = {2011},
}
@article{Barakat2011,
   author = {Khaled Barakat and Bilkiss B. Issack and Maria Stepanova and Jack Tuszynski},
   doi = {10.1371/journal.pone.0027651},
   issn = {1932-6203},
   issue = {11},
   journal = {PLoS ONE},
   month = {11},
   pages = {e27651},
   title = {Effects of Temperature on the p53-DNA Binding Interactions and Their Dynamical Behavior: Comparing the Wild Type to the R248Q Mutant},
   volume = {6},
   year = {2011},
}
@article{Reaz2013,
   author = {Shams Reaz and Mohanad Mossalam and Abood Okal and Carol S. Lim},
   doi = {10.1021/mp300598k},
   issn = {1543-8384},
   issue = {4},
   journal = {Molecular Pharmaceutics},
   month = {4},
   pages = {1350-1359},
   title = {A Single Mutant, A276S of p53, Turns the Switch to Apoptosis},
   volume = {10},
   year = {2013},
}
@article{Atchley2005,
   author = {William R. Atchley and Jieping Zhao and Andrew D. Fernandes and Tanja Drüke},
   doi = {10.1073/pnas.0408677102},
   issn = {0027-8424},
   issue = {18},
   journal = {Proceedings of the National Academy of Sciences},
   month = {5},
   pages = {6395-6400},
   title = {Solving the protein sequence metric problem},
   volume = {102},
   year = {2005},
}
@article{Agarap2018,
   author = {Abien Fred Agarap},
   journal = {arXiv preprint arXiv:1803.08375},
   title = {Deep learning using rectified linear units (relu)},
   year = {2018},
}
@inbook{Bridle1990,
   author = {John S. Bridle},
   city = {Berlin, Heidelberg},
   doi = {10.1007/978-3-642-76153-9_28},
   journal = {Neurocomputing},
   pages = {227-236},
   publisher = {Springer Berlin Heidelberg},
   title = {Probabilistic Interpretation of Feedforward Classification Network Outputs, with Relationships to Statistical Pattern Recognition},
   year = {1990},
}
@article{Abraham2015,
   author = {Mark James Abraham and Teemu Murtola and Roland Schulz and Szilárd Páll and Jeremy C. Smith and Berk Hess and Erik Lindahl},
   doi = {10.1016/j.softx.2015.06.001},
   issn = {23527110},
   journal = {SoftwareX},
   month = {9},
   pages = {19-25},
   title = {GROMACS: High performance molecular simulations through multi-level parallelism from laptops to supercomputers},
   volume = {1-2},
   year = {2015},
}
@article{Kitayner2010,
   author = {Malka Kitayner and Haim Rozenberg and Remo Rohs and Oded Suad and Dov Rabinovich and Barry Honig and Zippora Shakked},
   doi = {10.1038/nsmb.1800},
   issn = {1545-9993},
   issue = {4},
   journal = {Nature Structural {\&} Molecular Biology},
   month = {4},
   pages = {423-429},
   title = {Diversity in DNA recognition by p53 revealed by crystal structures with Hoogsteen base pairs},
   volume = {17},
   year = {2010},
}
@article{Lavery2009,
   author = {R. Lavery and M. Moakher and J. H. Maddocks and D. Petkeviciute and K. Zakrzewska},
   doi = {10.1093/nar/gkp608},
   issn = {1362-4962},
   issue = {17},
   journal = {Nucleic Acids Research},
   month = {9},
   pages = {5917-5929},
   title = {Conformational analysis of nucleic acids revisited: Curves+},
   volume = {37},
   year = {2009},
}
@article{lavery1989defining,
  title={Defining the structure of irregular nucleic acids: conventions and principles},
  author={Lavery, Richard and Sklenar, Heinz},
  journal={Journal of Biomolecular Structure and Dynamics},
  volume={6},
  number={4},
  pages={655--667},
  year={1989},
  publisher={Taylor {\&} Francis}
}
@article{Lu2008,
   author = {Xiang-Jun Lu and Wilma K Olson},
   doi = {10.1038/nprot.2008.104},
   issn = {1754-2189},
   issue = {7},
   journal = {Nature Protocols},
   month = {7},
   pages = {1213-1227},
   title = {3DNA: a versatile, integrated software system for the analysis, rebuilding and visualization of three-dimensional nucleic-acid structures},
   volume = {3},
   year = {2008},
}
@article{Seeman1976,
   author = {N C Seeman and J M Rosenberg and A Rich},
   doi = {10.1073/pnas.73.3.804},
   issn = {0027-8424},
   issue = {3},
   journal = {Proceedings of the National Academy of Sciences},
   month = {3},
   pages = {804-808},
   title = {Sequence-specific recognition of double helical nucleic acids by proteins.},
   volume = {73},
   year = {1976},
}
@article{demartin2021,
   author = {Xabier de Martin and Reza Sodaei and Gabriel Santpere},
   doi = {10.3390/ijms22179150},
   issn = {1422-0067},
   issue = {17},
   journal = {International Journal of Molecular Sciences},
   month = {8},
   pages = {9150},
   title = {Mechanisms of Binding Specificity among bHLH Transcription Factors},
   volume = {22},
   year = {2021},
}
@article{Finn2011,
   author = {R. D. Finn and J. Clements and S. R. Eddy},
   doi = {10.1093/nar/gkr367},
   issn = {0305-1048},
   issue = {suppl},
   journal = {Nucleic Acids Research},
   month = {7},
   pages = {W29-W37},
   title = {HMMER web server: interactive sequence similarity searching},
   volume = {39},
   year = {2011},
}
@article{Mariani2013,
   author = {Valerio Mariani and Marco Biasini and Alessandro Barbato and Torsten Schwede},
   doi = {10.1093/bioinformatics/btt473},
   issn = {1367-4803},
   issue = {21},
   journal = {Bioinformatics},
   month = {11},
   pages = {2722-2728},
   title = {lDDT: a local superposition-free score for comparing protein structures and models using distance difference tests},
   volume = {29},
   year = {2013},
}
@article{Genheden2015,
   author = {Samuel Genheden and Ulf Ryde},
   doi = {10.1517/17460441.2015.1032936},
   issn = {1746-0441},
   issue = {5},
   journal = {Expert Opinion on Drug Discovery},
   month = {5},
   pages = {449-461},
   title = {The MM/PBSA and MM/GBSA methods to estimate ligand-binding affinities},
   volume = {10},
   year = {2015},
}
@article{Wetzel2022,
   author = {Joshua L. Wetzel and Kaiqian Zhang and Mona Singh},
   doi = {10.1101/gr.276606.122},
   issn = {1088-9051},
   issue = {9},
   journal = {Genome Research},
   month = {9},
   pages = {1776-1786},
   title = {Learning probabilistic protein–DNA recognition codes from DNA-binding specificities using structural mappings},
   volume = {32},
   year = {2022},
}
@article{Kumari2014,
   author = {Rashmi Kumari and Rajendra Kumar and Andrew Lynn},
   doi = {10.1021/ci500020m},
   issn = {1549-9596},
   issue = {7},
   journal = {Journal of Chemical Information and Modeling},
   month = {7},
   pages = {1951-1962},
   title = {<i>g_mmpbsa</i> —A GROMACS Tool for High-Throughput MM-PBSA Calculations},
   volume = {54},
   year = {2014},
}
@article{Darden1993,
   author = {Tom Darden and Darrin York and Lee Pedersen},
   doi = {10.1063/1.464397},
   issn = {0021-9606},
   issue = {12},
   journal = {The Journal of Chemical Physics},
   month = {6},
   pages = {10089-10092},
   title = {Particle mesh Ewald: An Nlog(N) method for Ewald sums in large systems},
   volume = {98},
   year = {1993},
}
@article{Hess1997,
   author = {Berk Hess and Henk Bekker and Herman J. C. Berendsen and Johannes G. E. M. Fraaije},
   doi = {10.1002/(SICI)1096-987X(199709)18:12<1463::AID-JCC4>3.0.CO;2-H},
   issn = {0192-8651},
   issue = {12},
   journal = {Journal of Computational Chemistry},
   month = {9},
   pages = {1463-1472},
   title = {LINCS: A linear constraint solver for molecular simulations},
   volume = {18},
   year = {1997},
}
@article{Zhang2006,
   author = {Qing Zhang and Tamar Schlick},
   doi = {10.1529/biophysj.105.074344},
   issn = {00063495},
   issue = {6},
   journal = {Biophysical Journal},
   month = {3},
   pages = {1865-1877},
   title = {Stereochemistry and Position-Dependent Effects of Carcinogens on TATA/TBP Binding},
   volume = {90},
   year = {2006},
}
@article{Ho2006,
   author = {William C. Ho and Mary X. Fitzgerald and Ronen Marmorstein},
   doi = {10.1074/jbc.M603634200},
   issn = {00219258},
   issue = {29},
   journal = {Journal of Biological Chemistry},
   month = {7},
   pages = {20494-20502},
   title = {Structure of the p53 Core Domain Dimer Bound to DNA},
   volume = {281},
   year = {2006},
}
@article{Zhou2015,
   author = {Tianyin Zhou and Ning Shen and Lin Yang and Namiko Abe and John Horton and Richard S. Mann and Harmen J. Bussemaker and Raluca Gordân and Remo Rohs},
   doi = {10.1073/pnas.1422023112},
   issn = {0027-8424},
   issue = {15},
   journal = {Proceedings of the National Academy of Sciences},
   month = {4},
   pages = {4654-4659},
   title = {Quantitative modeling of transcription factor binding specificities using DNA shape},
   volume = {112},
   year = {2015},
}
@article{Batey1999,
   author = {R. T., Batey and R. P., Rambo and J. A. Doudna},
   issue = {16},
   journal = {Angewandte Chemie International Edition},
   pages = {2326-2343},
   title = {Tertiary motifs in RNA structure and folding.},
   volume = {38},
   year = {1999},
}
@article{Lu2018,
   author = {Jacob S Lu and Eckart Bindewald and Wojciech K Kasprzak and Bruce A Shapiro},
   doi = {10.1093/bioinformatics/bty468},
   issn = {1367-4803},
   issue = {24},
   journal = {Bioinformatics},
   month = {12},
   pages = {4297-4299},
   title = {RiboSketch: versatile visualization of multi-stranded RNA and DNA secondary structure},
   volume = {34},
   year = {2018},
}
@article{Kerpedjiev2015,
   author = {Peter Kerpedjiev and Stefan Hammer and Ivo L. Hofacker},
   doi = {10.1093/bioinformatics/btv372},
   issn = {1367-4811},
   issue = {20},
   journal = {Bioinformatics},
   month = {10},
   pages = {3377-3379},
   title = {Forna (force-directed RNA): Simple and effective online RNA secondary structure diagrams},
   volume = {31},
   year = {2015},
}
@article{Darty2009,
   author = {Kévin Darty and Alain Denise and Yann Ponty},
   doi = {10.1093/bioinformatics/btp250},
   issn = {1367-4811},
   issue = {15},
   journal = {Bioinformatics},
   month = {8},
   pages = {1974-1975},
   title = {VARNA: Interactive drawing and editing of the RNA secondary structure},
   volume = {25},
   year = {2009},
}
@article{Byun2009,
   author = {Yanga Byun and Kyungsook Han},
   doi = {10.1093/bioinformatics/btp252},
   issn = {1367-4811},
   issue = {11},
   journal = {Bioinformatics},
   month = {6},
   pages = {1435-1437},
   title = {PseudoViewer3: generating planar drawings of large-scale RNA structures with pseudoknots},
   volume = {25},
   year = {2009},
}
@article{Peter2003,
   author = {Peter De Rijk and Jan Wuyts and Rupert De Wachter},
   doi = {10.1093/bioinformatics/19.2.299},
   issn = {1367-4811},
   issue = {2},
   journal = {Bioinformatics},
   month = {1},
   pages = {299-300},
   title = {RnaViz 2: an improved representation of RNA secondary structure},
   volume = {19},
   year = {2003},
}
@article{Shabash2019,
   author = {Boris Shabash and Kay C. Wiese},
   doi = {10.1371/journal.pone.0210281},
   issn = {1932-6203},
   issue = {5},
   journal = {PLOS ONE},
   month = {5},
   pages = {e0210281},
   title = {jViz.RNA 4.0—Visualizing pseudoknots and RNA editing employing compressed tree graphs},
   volume = {14},
   year = {2019},
}
@article{Wiegreffe2019,
   author = {Daniel Wiegreffe and Daniel Alexander and Peter F Stadler and Dirk Zeckzer},
   doi = {10.1093/bioinformatics/bty817},
   issn = {1367-4803},
   issue = {8},
   journal = {Bioinformatics},
   month = {4},
   pages = {1342-1349},
   title = {RNApuzzler: efficient outerplanar drawing of RNA-secondary structures},
   volume = {35},
   year = {2019},
}
@article{Weinberg2011,
   author = {Zasha Weinberg and Ronald R Breaker},
   doi = {10.1186/1471-2105-12-3},
   issn = {1471-2105},
   issue = {1},
   journal = {BMC Bioinformatics},
   month = {12},
   pages = {3},
   title = {R2R - software to speed the depiction of aesthetic consensus RNA secondary structures},
   volume = {12},
   year = {2011},
}
@article{Sweeney2021,
   author = {Blake A. Sweeney and David Hoksza and Eric P. Nawrocki and Carlos Eduardo Ribas and Fábio Madeira and Jamie J. Cannone and Robin Gutell and Aparna Maddala and Caeden D. Meade and Loren Dean Williams and Anton S. Petrov and Patricia P. Chan and Todd M. Lowe and Robert D. Finn and Anton I. Petrov},
   doi = {10.1038/s41467-021-23555-5},
   issn = {2041-1723},
   issue = {1},
   journal = {Nature Communications},
   month = {6},
   pages = {3494},
   title = {R2DT is a framework for predicting and visualising RNA secondary structure using templates},
   volume = {12},
   year = {2021},
}
@article{Johnson2023,
   author = {Philip Z Johnson and Anne E Simon},
   doi = {10.1093/nar/gkad302},
   issn = {0305-1048},
   issue = {W1},
   journal = {Nucleic Acids Research},
   month = {7},
   pages = {W501-W508},
   title = {RNAcanvas: interactive drawing and exploration of nucleic acid structures},
   volume = {51},
   year = {2023},
}
@article{Yang2003,
   author = {H. Yang},
   doi = {10.1093/nar/gkg529},
   issn = {1362-4962},
   issue = {13},
   journal = {Nucleic Acids Research},
   month = {7},
   pages = {3450-3460},
   title = {Tools for the automatic identification and classification of RNA base pairs},
   volume = {31},
   year = {2003},
}
@article{Glasscock2023,
   author = {Cameron J Glasscock and Robert Pecoraro and Ryan McHugh and Lindsey A Doyle and Wei Chen and Olivier Boivin and Beau Lonnquist and Emily Na and Yuliya Politanska and Hugh K Haddox and David Cox and Christoffer Norn and Brian Coventry and Inna Goreshnik and Dionne Vafeados and Gyu Rie Lee and Raluca Gordan and Barry L Stoddard and Frank DiMaio and David Baker},
   doi = {10.1101/2023.09.20.558720},
   journal = {bioRxiv : the preprint server for biology},
   month = {9},
   title = {Computational design of sequence-specific DNA-binding proteins.},
   year = {2023},
}
@article{Jiang2023,
   author = {Yibei Jiang and Tsu-Pei Chiu and Raktim Mitra and Remo Rohs},
   doi = {10.1016/j.bpj.2023.12.013},
   issn = {00063495},
   journal = {Biophysical Journal},
   month = {12},
   title = {Probing the role of the protonation state of a minor groove-linker histidine in Exd-Hox–DNA binding},
   year = {2023},
}
@article{McIntyre1938,
   author = {Francis McIntyre and F. N. David},
   doi = {10.2307/2279076},
   issn = {01621459},
   issue = {204},
   journal = {Journal of the American Statistical Association},
   month = {12},
   pages = {751},
   title = {Tables of the Ordinates and Probability Integral of the Distribution of the Correlation Coefficient in Small Samples.},
   volume = {33},
   year = {1938},
}
@article{Bonett2000,
   author = {Douglas G. Bonett and Thomas A. Wright},
   doi = {10.1007/BF02294183},
   issn = {0033-3123},
   issue = {1},
   journal = {Psychometrika},
   month = {3},
   pages = {23-28},
   title = {Sample size requirements for estimating pearson, kendall and spearman correlations},
   volume = {65},
   year = {2000},
}
@article{Stefl2004,
   author = {Richard Stefl and Haihong Wu and Sapna Ravindranathan and {Vladimir} {Sklen\'{a}\v{r}} and Juli Feigon},
   doi = {10.1073/pnas.0308143100},
   issn = {0027-8424},
   issue = {5},
   journal = {Proceedings of the National Academy of Sciences},
   month = {2},
   pages = {1177-1182},
   title = {DNA A-tract bending in three dimensions: Solving the dA{$_4$} {T$_4$} vs. {dT$_4$} {A$_4$} conundrum},
   volume = {101},
   year = {2004},
}
@article{Li2023,
   author = {Jinsen Li and Tsu-Pei Chiu and Remo Rohs},
   doi = {10.1101/2023.10.22.563383},
   journal = {bioRxiv : the preprint server for biology},
   month = {10},
   title = {Deep DNAshape: Predicting DNA shape considering extended flanking regions using a deep learning method.},
   year = {2023},
}
@article{Jiang2023,
   author = {Yibei Jiang and Tsu-Pei Chiu and Raktim Mitra and Remo Rohs},
   doi = {10.1016/j.bpj.2023.12.013},
   issn = {00063495},
   journal = {Biophysical Journal},
   month = {12},
   title = {Probing the role of the protonation state of a minor groove-linker histidine in Exd-Hox–DNA binding},
   year = {2023},
}
@article{simon2006,
   author = {Simon F. {Tolić-Nørrelykke} and Mette B. Rasmussen and Francesco S. Pavone and Kirstine Berg-Sørensen and Lene B. Oddershede},
   doi = {10.1529/biophysj.105.074856},
   issn = {00063495},
   issue = {10},
   journal = {Biophysical Journal},
   month = {5},
   pages = {3694-3703},
   title = {Stepwise Bending of DNA by a Single TATA-Box Binding Protein},
   volume = {90},
   year = {2006},
}
@article{Slattery2014,
   author = {Matthew Slattery and Tianyin Zhou and Lin Yang and Ana Carolina Dantas Machado and Raluca Gordân and Remo Rohs},
   doi = {10.1016/j.tibs.2014.07.002},
   issn = {09680004},
   issue = {9},
   journal = {Trends in Biochemical Sciences},
   month = {9},
   pages = {381-399},
   title = {Absence of a simple code: how transcription factors read the genome},
   volume = {39},
   year = {2014},
}
@article{Bose2022,
   author = {Tanaya Bose and Gil Fridkin and Chen Davidovich and Miri Krupkin and Nikita Dinger and Alla H Falkovich and Yoav Peleg and Ilana Agmon and Anat Bashan and Ada Yonath},
   doi = {10.1093/nar/gkac052},
   issn = {0305-1048},
   issue = {4},
   journal = {Nucleic Acids Research},
   month = {2},
   pages = {1815-1828},
   title = {Origin of life: protoribosome forms peptide bonds and links RNA and protein dominated worlds},
   volume = {50},
   year = {2022},
}
@article{Mortimer2014,
   author = {Stefanie A Mortimer and Mary Anne Kidwell and Jennifer A Doudna},
   doi = {10.1038/nrg3681},
   issn = {1471-0064},
   issue = {7},
   journal = {Nature reviews. Genetics},
   month = {7},
   pages = {469-79},
   pmid = {24821474},
   title = {Insights into RNA structure and function from genome-wide studies.},
   volume = {15},
   year = {2014},
}
@article{Zhang2023,
   author = {Chengxin Zhang and P Lydia Freddolino},
   doi = {10.1101/2023.12.19.572314},
   journal = {bioRxiv : the preprint server for biology},
   month = {12},
   pmid = {38187637},
   title = {FURNA: a database for function annotations of RNA structures.},
   year = {2023},
}
@article{Tomezsko2020,
   author = {Phillip J Tomezsko and Vincent D A Corbin and Paromita Gupta and Harish Swaminathan and Margalit Glasgow and Sitara Persad and Matthew D Edwards and Lachlan Mcintosh and Anthony T Papenfuss and Ann Emery and Ronald Swanstrom and Trinity Zang and Tammy C T Lan and Paul Bieniasz and Daniel R Kuritzkes and Athe Tsibris and Silvi Rouskin},
   doi = {10.1038/s41586-020-2253-5},
   issn = {1476-4687},
   issue = {7812},
   journal = {Nature},
   month = {6},
   pages = {438-442},
   pmid = {32555469},
   title = {Determination of RNA structural diversity and its role in HIV-1 RNA splicing.},
   volume = {582},
   year = {2020},
}
@article{seemann2017identification,
  title={The identification and functional annotation of RNA structures conserved in vertebrates},
  author={Seemann, Stefan E and Mirza, Aashiq H and Hansen, Claus and Bang-Berthelsen, Claus H and Garde, Christian and Christensen-Dalsgaard, Mikkel and Torarinsson, Elfar and Yao, Zizhen and Workman, Christopher T and Pociot, Flemming and others},
  journal={Genome research},
  volume={27},
  number={8},
  pages={1371--1383},
  year={2017},
  publisher={Cold Spring Harbor Lab}
}
@article{Mallet2022,
   author = {Vincent Mallet and Carlos Oliver and Jonathan Broadbent and William L Hamilton and Jérôme Waldispühl},
   doi = {10.1093/bioinformatics/btab844},
   issn = {1367-4811},
   issue = {5},
   journal = {Bioinformatics (Oxford, England)},
   month = {2},
   pages = {1458-1459},
   pmid = {34908108},
   title = {RNAglib: a python package for RNA 2.5 D graphs.},
   volume = {38},
   year = {2022},
}
@book{Saenger1984,
   author = {W. Saenger},
   city = {New York},
   pages = {120-121},
   publisher = {Springer},
   title = {Principles of Nucleic Acid Structure.},
   year = {1984},
}
@article{Hunter2007,
   author = {John D. Hunter},
   doi = {10.1109/MCSE.2007.55},
   issn = {1521-9615},
   issue = {3},
   journal = {Computing in Science {\&} Engineering},
   pages = {90-95},
   title = {Matplotlib: A 2D Graphics Environment},
   volume = {9},
   year = {2007},
}
@misc{Hagberg2008,
   author = {Aric, Pieter Swart, Daniel S Chult Hagberg},
   city = {Los Alamos, NM (United States)},
   institution = {Los Alamos National Lab.(LANL)},
   title = {Exploring network structure, dynamics, and function using NetworkX},
   year = {2008},
}
@misc{Django2019,
   author = {Django Software Foundation},
   month = {5},
   publisher = {https://djangoproject.com},
   title = {Django},
   url = {https://djangoproject.com},
   year = {2019},
}
@article{Krahn2020,
   author = {Natalie Krahn and Jonathan T. Fischer and Dieter Söll},
   doi = {10.3389/fmicb.2020.596914},
   issn = {1664-302X},
   journal = {Frontiers in Microbiology},
   month = {10},
   title = {Naturally Occurring tRNAs With Non-canonical Structures},
   volume = {11},
   year = {2020},
}
@article{Sripakdeevong2011,
   author = {Parin Sripakdeevong and Wipapat Kladwang and Rhiju Das},
   doi = {10.1073/pnas.1106516108},
   issn = {1091-6490},
   issue = {51},
   journal = {Proceedings of the National Academy of Sciences of the United States of America},
   month = {12},
   pages = {20573-8},
   pmid = {22143768},
   title = {An enumerative stepwise ansatz enables atomic-accuracy RNA loop modeling.},
   volume = {108},
   year = {2011},
}
@article{Schroeder2010,
   author = {Kersten T Schroeder and Scott A McPhee and Jonathan Ouellet and David M J Lilley},
   doi = {10.1261/rna.2207910},
   issn = {1469-9001},
   issue = {8},
   journal = {RNA (New York, N.Y.)},
   month = {8},
   pages = {1463-8},
   pmid = {20562215},
   title = {A structural database for k-turn motifs in RNA.},
   volume = {16},
   year = {2010},
}
@article{Hermann1999,
   author = {T Hermann and E Westhof},
   doi = {10.1016/s1074-5521(00)80003-4},
   issn = {1074-5521},
   issue = {12},
   journal = {Chemistry {\&} biology},
   month = {12},
   pages = {R335-43},
   pmid = {10631510},
   title = {Non-Watson-Crick base pairs in RNA-protein recognition.},
   volume = {6},
   year = {1999},
}
@article{Pearson1901,
   author = {Karl Pearson},
   doi = {10.1080/14786440109462720},
   issn = {1941-5982},
   issue = {11},
   journal = {The London, Edinburgh, and Dublin Philosophical Magazine and Journal of Science},
   month = {11},
   pages = {559-572},
   title = {LIII. <i>On lines and planes of closest fit to systems of points in space</i>},
   volume = {2},
   year = {1901},
}
@article{Leontis2001,
   author = {N B Leontis and E Westhof},
   doi = {10.1017/s1355838201002515},
   issn = {1355-8382},
   issue = {4},
   journal = {RNA (New York, N.Y.)},
   month = {4},
   pages = {499-512},
   pmid = {11345429},
   title = {Geometric nomenclature and classification of RNA base pairs.},
   volume = {7},
   year = {2001},
}
@article{Lawson2024,
   author = {Catherine L Lawson and Helen M Berman and Li Chen and Brinda Vallat and Craig L Zirbel},
   doi = {10.1093/nar/gkad957},
   issn = {1362-4962},
   issue = {D1},
   journal = {Nucleic acids research},
   month = {1},
   pages = {D245-D254},
   pmid = {37953312},
   title = {The Nucleic Acid Knowledgebase: a new portal for 3D structural information about nucleic acids.},
   volume = {52},
   year = {2024},
}
@article{Waterman1978,
   author = {M.S. Waterman and T.F. Smith},
   doi = {10.1016/0025-5564(78)90099-8},
   issn = {00255564},
   issue = {3-4},
   journal = {Mathematical Biosciences},
   month = {12},
   pages = {257-266},
   title = {RNA secondary structure: a complete mathematical analysis},
   volume = {42},
   year = {1978},
}
@article{Krahn2024,
   author = {Natalie Krahn and Jingji Zhang and Sergey V Melnikov and Jeffery M Tharp and Alessandra Villa and Armaan Patel and Rebecca J Howard and Haben Gabir and Trushar R Patel and Jörg Stetefeld and Joseph Puglisi and Dieter Söll},
   doi = {10.1093/nar/gkad1188},
   issn = {0305-1048},
   issue = {2},
   journal = {Nucleic Acids Research},
   month = {1},
   pages = {513-524},
   title = {tRNA shape is an identity element for an archaeal pyrrolysyl-tRNA synthetase from the human gut},
   volume = {52},
   year = {2024},
}
@article{Petty2011,
   author = {Tom J Petty and Soheila Emamzadah and Lorenzo Costantino and Irina Petkova and Elena S Stavridi and Jeffery G Saven and Eric Vauthey and Thanos D Halazonetis},
   doi = {10.1038/emboj.2011.127},
   issn = {02614189},
   issue = {11},
   journal = {The EMBO Journal},
   month = {6},
   pages = {2167-2176},
   title = {An induced fit mechanism regulates p53 DNA binding kinetics to confer sequence specificity},
   volume = {30},
   year = {2011},
}
@article{Garvie2001,
   author = {C W Garvie and C Wolberger},
   doi = {10.1016/s1097-2765(01)00392-6},
   issn = {1097-2765},
   issue = {5},
   journal = {Molecular cell},
   month = {11},
   pages = {937-46},
   pmid = {11741530},
   title = {Recognition of specific DNA sequences.},
   volume = {8},
   year = {2001},
}
@article{Krishna2024,
   author = {Rohith Krishna and Jue Wang and Woody Ahern and Pascal Sturmfels and Preetham Venkatesh and Indrek Kalvet and Gyu Rie Lee and Felix S. Morey-Burrows and Ivan Anishchenko and Ian R. Humphreys and Ryan McHugh and Dionne Vafeados and Xinting Li and George A. Sutherland and Andrew Hitchcock and C. Neil Hunter and Alex Kang and Evans Brackenbrough and Asim K. Bera and Minkyung Baek and Frank DiMaio and David Baker},
   doi = {10.1126/science.adl2528},
   issn = {0036-8075},
   issue = {6693},
   journal = {Science},
   month = {4},
   title = {Generalized biomolecular modeling and design with RoseTTAFold All-Atom},
   volume = {384},
   year = {2024},
}
@article{Ahdritz2024,
   author = {Gustaf Ahdritz and Nazim Bouatta and Christina Floristean and Sachin Kadyan and Qinghui Xia and William Gerecke and {Timothy J. O’Donnell} and Daniel Berenberg and Ian Fisk and {Niccolò Zanichelli} and Bo Zhang and Arkadiusz Nowaczynski and Bei Wang and Marta M. Stepniewska-Dziubinska and Shang Zhang and Adegoke Ojewole and Murat Efe Guney and Stella Biderman and Andrew M. Watkins and Stephen Ra and Pablo Ribalta Lorenzo and Lucas Nivon and Brian Weitzner and Yih-En Andrew Ban and Shiyang Chen and Minjia Zhang and Conglong Li and Shuaiwen Leon Song and Yuxiong He and Peter K. Sorger and Emad Mostaque and Zhao Zhang and Richard Bonneau and Mohammed AlQuraishi},
   doi = {10.1038/s41592-024-02272-z},
   issn = {1548-7091},
   journal = {Nature Methods},
   month = {5},
   title = {OpenFold: retraining AlphaFold2 yields new insights into its learning mechanisms and capacity for generalization},
   year = {2024},
}
@article{Abramson2024,
  title={Accurate structure prediction of biomolecular interactions with AlphaFold 3},
  author={Abramson, Josh and Adler, Jonas and Dunger, Jack and Evans, Richard and Green, Tim and Pritzel, Alexander and Ronneberger, Olaf and Willmore, Lindsay and Ballard, Andrew J and Bambrick, Joshua and others},
  journal={Nature},
  pages={1--3},
  year={2024},
  publisher={Nature Publishing Group UK London}
}
@article{watson2023novo,
  title={De novo design of protein structure and function with RFdiffusion},
  author={Watson, Joseph L and Juergens, David and Bennett, Nathaniel R and Trippe, Brian L and Yim, Jason and Eisenach, Helen E and Ahern, Woody and Borst, Andrew J and Ragotte, Robert J and Milles, Lukas F and others},
  journal={Nature},
  volume={620},
  number={7976},
  pages={1089--1100},
  year={2023},
  publisher={Nature Publishing Group UK London}
}
@article{Lorenz2011,
   author = {Ronny Lorenz and Stephan H Bernhart and Christian Höner zu Siederdissen and Hakim Tafer and Christoph Flamm and Peter F Stadler and Ivo L Hofacker},
   doi = {10.1186/1748-7188-6-26},
   issn = {1748-7188},
   issue = {1},
   journal = {Algorithms for Molecular Biology},
   month = {12},
   pages = {26},
   title = {ViennaRNA Package 2.0},
   volume = {6},
   year = {2011},
}
@article{Mitra2024rnascape,
   author = {Raktim Mitra and Ari S Cohen and Remo Rohs},
   doi = {10.1093/nar/gkae269},
   issn = {0305-1048},
   journal = {Nucleic Acids Research},
   month = {4},
   title = {RNAscape: geometric mapping and customizable visualization of RNA structure},
   year = {2024},
}
@article{Reddy2001,
   author = {Ch.Koti Reddy and Achintya Das and B. Jayaram},
   doi = {10.1006/jmbi.2001.5154},
   issn = {00222836},
   issue = {3},
   journal = {Journal of Molecular Biology},
   month = {11},
   pages = {619-632},
   title = {Do water molecules mediate protein-DNA recognition? 1 1Edited by B. Honig},
   volume = {314},
   year = {2001},
}
@article{Lai2017,
   author = {William K M Lai and B Franklin Pugh},
   doi = {10.1038/nrm.2017.47},
   issn = {1471-0080},
   issue = {9},
   journal = {Nature reviews. Molecular cell biology},
   month = {9},
   pages = {548-562},
   pmid = {28537572},
   title = {Understanding nucleosome dynamics and their links to gene expression and DNA replication.},
   volume = {18},
   year = {2017},
}
@article{Reddy2001,
   author = {C K Reddy and A Das and B Jayaram},
   doi = {10.1006/jmbi.2001.5154},
   issn = {0022-2836},
   issue = {3},
   journal = {Journal of molecular biology},
   month = {11},
   pages = {619-32},
   pmid = {11846571},
   title = {Do water molecules mediate protein-DNA recognition?},
   volume = {314},
   year = {2001},
}
@article{Otwinowski1988,
   author = {Z. Otwinowski and R. W. Schevitz and R.-G. Zhang and C. L. Lawson and A. Joachimiak and R. Q. Marmorstein and B. F. Luisi and P. B. Sigler},
   doi = {10.1038/335321a0},
   issn = {0028-0836},
   issue = {6188},
   journal = {Nature},
   month = {9},
   pages = {321-329},
   title = {Crystal structure of trp represser/operator complex at atomic resolution},
   volume = {335},
   year = {1988},
}
@article{Rauluseviciute2024,
   author = {Ieva Rauluseviciute and Rafael Riudavets-Puig and Romain Blanc-Mathieu and Jaime A Castro-Mondragon and Katalin Ferenc and Vipin Kumar and Roza Berhanu Lemma and Jérémy Lucas and Jeanne Chèneby and Damir Baranasic and Aziz Khan and Oriol Fornes and Sveinung Gundersen and Morten Johansen and Eivind Hovig and Boris Lenhard and Albin Sandelin and Wyeth W Wasserman and François Parcy and Anthony Mathelier},
   doi = {10.1093/nar/gkad1059},
   issn = {0305-1048},
   issue = {D1},
   journal = {Nucleic Acids Research},
   month = {1},
   pages = {D174-D182},
   title = {JASPAR 2024: 20th anniversary of the open-access database of transcription factor binding profiles},
   volume = {52},
   year = {2024},
}
@article{Webb2024,
   author = {Jordan A Webb and Edward Farrow and Brittany Cain and Zhenyu Yuan and Alexander E Yarawsky and Emma Schoch and Ellen K Gagliani and Andrew B Herr and Brian Gebelein and Rhett A Kovall},
   doi = {10.1093/nar/gkae522},
   issn = {0305-1048},
   issue = {13},
   journal = {Nucleic Acids Research},
   month = {7},
   pages = {7987-8002},
   title = {Cooperative Gsx2–DNA binding requires DNA bending and a novel Gsx2 homeodomain interface},
   volume = {52},
   year = {2024},
}
@article{Mitra2023,
   author = {Raktim Mitra and Jinsen Li and Jared M Sagendorf and Yibei Jiang and Tsu-Pei Chiu and Remo Rohs},
   doi = {10.1101/2023.12.15.571942},
   issn = {2692-8205},
   journal = {bioRxiv : the preprint server for biology},
   month = {12},
   pmid = {38293168},
   title = {DeepPBS: Geometric deep learning for interpretable prediction of protein-DNA binding specificity.},
   year = {2023},
}
@article{Lin2019,
   author = {Maoxuan Lin and Jun-tao Guo},
   doi = {10.1093/nar/gkz963},
   issn = {0305-1048},
   issue = {21},
   journal = {Nucleic Acids Research},
   month = {12},
   pages = {11103-11113},
   title = {New insights into protein–DNA binding specificity from hydrogen bond based comparative study},
   volume = {47},
   year = {2019},
}
@book{Guido2009,
   author = {Guido Van Rossum and Fred L Drake},
   city = {Scotts Valley, CA},
   isbn = {1441412697},
   publisher = {CreateSpace},
   title = {Python 3 Reference Manual},
   year = {2009},
}
@book{Guido1995,
   author = {Guido Van Rossum and Fred L Drake Jr},
   publisher = {Centrum voor Wiskunde en Informatica Amsterdam},
   title = {Python reference manual},
   year = {1995},
}
@article{Thiel2019,
   author = {Bernhard C. Thiel and Irene K. Beckmann and Peter Kerpedjiev and Ivo L. Hofacker},
   doi = {10.12688/f1000research.18458.2},
   issn = {2046-1402},
   journal = {F1000Research},
   month = {4},
   pages = {287},
   title = {3D based on 2D: Calculating helix angles and stacking patterns using forgi 2.0, an RNA Python library centered on secondary structure elements.},
   volume = {8},
   year = {2019},
}
@article{McDonald1994,
   author = {I K McDonald and J M Thornton},
   doi = {10.1006/jmbi.1994.1334},
   issn = {0022-2836},
   issue = {5},
   journal = {Journal of molecular biology},
   month = {5},
   pages = {777-93},
   pmid = {8182748},
   title = {Satisfying hydrogen bonding potential in proteins.},
   volume = {238},
   year = {1994},
}
@article{Mitra2024,
   author = {Raktim Mitra and Jinsen Li and Jared M. Sagendorf and Yibei Jiang and Ari S. Cohen and Tsu-Pei Chiu and Cameron J. Glasscock and Remo Rohs},
   doi = {10.1038/s41592-024-02372-w},
   issn = {1548-7091},
   journal = {Nature Methods},
   month = {8},
   title = {Geometric deep learning of protein–DNA binding specificity},
   year = {2024},
}
@article{Rastinejad2000,
   author = {Fraydoon Rastinejad and Trixie Wagner and Qiang Zhao and Sepideh Khorasanizadeh},
   doi = {10.1093/emboj/19.5.1045},
   issn = {0261-4189},
   issue = {5},
   journal = {The EMBO Journal},
   month = {3},
   pages = {1045-1054},
   title = {Structure of the RXR–RAR DNA-binding complex on the retinoic acid response element DR1},
   volume = {19},
   year = {2000},
}

@article{kryshtafovych2023critical,
  title={Critical assessment of methods of protein structure prediction (CASP)—Round XV},
  author={Kryshtafovych, Andriy and Schwede, Torsten and Topf, Maya and Fidelis, Krzysztof and Moult, John},
  journal={Proteins: Structure, Function, and Bioinformatics},
  volume={91},
  number={12},
  pages={1539--1549},
  year={2023},
  publisher={Wiley Online Library}
}

@article{Sagendorf2024,
   author = {Jared M. Sagendorf and Raktim Mitra and Jiawei Huang and Xiaojiang S. Chen and Remo Rohs},
   doi = {10.1007/s12551-024-01201-w},
   issn = {1867-2450},
   issue = {3},
   journal = {Biophysical Reviews},
   month = {6},
   pages = {297-314},
   title = {Structure-based prediction of protein-nucleic acid binding using graph neural networks},
   volume = {16},
   year = {2024},
}
@article{kim20_tenet,
  title = {{{TENET}}: Gene Network Reconstruction Using Transfer Entropy Reveals Key Regulatory Factors from Single Cell Transcriptomic Data},
  shorttitle = {{{TENET}}},
  author = {Kim, Junil and T. Jakobsen, Simon and Natarajan, Kedar N. and Won, Kyoung-Jae},
  year = {2020},
  doi = {10.1093/nar/gkaa1014},
  file = {/Users/adammacl/Dropbox/ZoteroFiles/Nucleic Acids Research/undefined/Kim et al_2020_TENET.pdf;/Users/adammacl/Zotero/storage/4VXRIX4Z/5973444.html;/Users/adammacl/Zotero/storage/HPZQUKR5/5973444.html},
  journal = {Nucleic Acids Research},
  keywords = {_tablet},
  language = {en}
}

@article{deshpande19_network,
  title = {Network {{Inference}} with {{Granger Causality Ensembles}} on {{Single}}-{{Cell Transcriptomic Data}}},
  author = {Deshpande, Atul and Chu, Li-Fang and Stewart, Ron and Gitter, Anthony},
  year = {2019},
  month = jan,
  pages = {534834},
  publisher = {{Cold Spring Harbor Laboratory}},
  doi = {10.1101/534834},
  chapter = {New Results},
  copyright = {\textcopyright{} 2019, Posted by Cold Spring Harbor Laboratory. This pre-print is available under a Creative Commons License (Attribution 4.0 International), CC BY 4.0, as described at http://creativecommons.org/licenses/by/4.0/},
  file = {/Users/adammacl/Dropbox/ZoteroFiles/bioRxiv/2019/Deshpande et al_2019_Network Inference with Granger Causality Ensembles on Single-Cell.pdf;/Users/adammacl/Zotero/storage/G3QAP7M4/Deshpande et al. - 2019 - Network Inference with Granger Causality Ensembles.pdf;/Users/adammacl/Zotero/storage/V83DN3GX/534834v1.html;/Users/adammacl/Zotero/storage/YYLUS2XW/534834v1.html},
  journal = {bioRxiv},
  language = {en}
}

@article{neugarten00_effect,
  title = {Effect of {{Gender}} on the {{Progression}} of {{Nondiabetic Renal Disease}}: {{A Meta}}-{{Analysis}}},
  shorttitle = {Effect of {{Gender}} on the {{Progression}} of {{Nondiabetic Renal Disease}}},
  author = {Neugarten, Joel and Acharya, Anjali and Silbiger, Sharon R.},
  year = {2000},
  month = feb,
  volume = {11},
  pages = {319--329},
  publisher = {{American Society of Nephrology}},
  issn = {1046-6673, 1533-3450},
  chapter = {Clinical Nephrology},
  copyright = {\textcopyright{} 2000 American Society of Nephrology},
  file = {/Users/adammacl/Dropbox/ZoteroFiles/Journal of the American Society of Nephrology/2000/Neugarten et al_2000_Effect of Gender on the Progression of Nondiabetic Renal Disease.pdf;/Users/adammacl/Zotero/storage/9VRSVJPC/319.html},
  journal = {Journal of the American Society of Nephrology},
  language = {en},
  number = {2},
  pmid = {10665939}
}




@article{ransick19_singlecell,
  title = {Single-{{Cell Profiling Reveals Sex}}, {{Lineage}}, and {{Regional Diversity}} in the {{Mouse Kidney}}},
  author = {Ransick, Andrew and Lindstr{\"o}m, Nils O. and Liu, Jing and Zhu, Qin and Guo, Jin-Jin and Alvarado, Gregory F. and Kim, Albert D. and Black, Hannah G. and Kim, Junhyong and McMahon, Andrew P.},
  year = {2019},
  month = nov,
  volume = {51},
  pages = {399-413.e7},
  issn = {1534-5807},
  doi = {10.1016/j.devcel.2019.10.005},
  file = {/Users/adammacl/Zotero/storage/8QFYLWYI/Ransick et al. - 2019 - Single-Cell Profiling Reveals Sex, Lineage, and Re.pdf;/Users/adammacl/Zotero/storage/UYJE9RKY/S1534-5807(19)30814-7.html},
  journal = {Developmental Cell},
  keywords = {collecting system,kidney,lineage convergence,nephron,scRNA-Seq profiling,sex differences},
  language = {English},
  number = {3},
  pmid = {31689386}
}


@article{chen18_evaluating,
  title = {Evaluating Methods of Inferring Gene Regulatory Networks Highlights Their Lack of Performance for Single Cell Gene Expression Data},
  author = {Chen, Shuonan and Mar, Jessica C.},
  year = {2018},
  month = jun,
  volume = {19},
  pages = {232},
  issn = {1471-2105},
  doi = {10.1186/s12859-018-2217-z},
  file = {/Users/adammacl/Dropbox/ZoteroFiles/BMC Bioinformatics/2018/Chen_Mar_2018_Evaluating methods of inferring gene regulatory networks highlights their lack.pdf;/Users/adammacl/Zotero/storage/LL3VQMLV/s12859-018-2217-z.html},
  journal = {BMC Bioinformatics},
  number = {1},
  pmcid = {PMC6006753},
  pmid = {29914350}
}

@article{ma20_inference,
  title={Inference of Gene Regulatory Networks Based on Nonlinear Ordinary Differential Equations},
  author={Ma, Baoshan and Fang, Mingkun and Jiao, Xiangtian},
  journal={Bioinformatics},
  year={2020}
}


@article{aubin-frankowski20_gene,
  title = {Gene Regulation Inference from Single-Cell {{RNA}}-Seq Data with Linear Differential Equations and Velocity Inference},
  author = {{Aubin-Frankowski}, Pierre-Cyril and Vert, Jean-Philippe},
  year = {2020},
  pages = {btaa576},
  doi = {10.1093/bioinformatics/btaa576},
  file = {/Users/adammacl/Dropbox/ZoteroFiles/Bioinformatics/undefined/Aubin-Frankowski_Vert_Gene regulation inference from single-cell RNA-seq data with linear.pdf;/Users/adammacl/Zotero/storage/6ITP38PP/5858974.html},
  journal = {Bioinformatics},
  language = {en}
}

@article{matsumoto17_scode,
  ids = {matsumoto17\_scode-1},
  title = {{{SCODE}}: {{An}} Efficient Regulatory Network Inference Algorithm from Single-Cell {{RNA}}-{{Seq}} during Differentiation},
  author = {Matsumoto, Hirotaka and Kiryu, Hisanori and Furusawa, Chikara and Ko, Minoru S H and Ko, Shigeru B H and Gouda, Norio and Hayashi, Tetsutaro and Nikaido, Itoshi},
  year = {2017},
  month = apr,
  volume = {33},
  pages = {2314--2321},
  publisher = {{Oxford Academic}},
  doi = {10.1093/bioinformatics/btx194},
  file = {/Users/adammacl/Dropbox/ZoteroFiles/Bioinformatics/2017/Matsumoto et al_2017_SCODE.pdf;/Users/adammacl/Zotero/storage/3TPHLQVA/3100331.html},
  journal = {Bioinformatics},
  language = {English},
  number = {15},
  pmid = {28379368}
}


@article{Hastings1970,
author = {Hastings, W. K.},
doi = {10.1093/biomet/57.1.97},
issn = {00063444},
journal = {Biometrika},
title = {{Monte carlo sampling methods using Markov chains and their applications}},
year = {1970}
}

@article{hoffman2013,
  title={Stochastic variational inference},
  author={Hoffman, Matthew D and Blei, David M and Wang, Chong and Paisley, John},
  journal={The Journal of Machine Learning Research},
  volume={14},
  number={1},
  pages={1303--1347},
  year={2013},
  publisher={JMLR. org}
}


@article{zhang2019,
  title={Advances in variational inference},
  author={Zhang, Cheng and B{\"u}tepage, Judith and Kjellstr{\"o}m, Hedvig and Mandt, Stephan},
  journal={IEEE transactions on pattern analysis and machine intelligence},
  volume={41},
  number={8},
  pages={2008--2026},
  year={2018},
  publisher={IEEE}
}


@inproceedings{ingraham2017,
  title={Variational inference for sparse and undirected models},
  author={Ingraham, John and Marks, Debora},
  booktitle={International Conference on Machine Learning},
  pages={1607--1616},
  year={2017},
  organization={PMLR}
}


@inproceedings{Bouchard-Cote2010,
  title={Variational inference over combinatorial spaces},
  author={Bouchard-C{\^o}t{\'e}, Alexandre and Jordan, Michael I},
  booktitle={Advances in Neural Information Processing Systems},
  pages={280--288},
  year={2010}
}


@article{Kingma2014,
  title={Auto-encoding variational bayes},
  author={Kingma, Diederik P and Welling, Max},
  journal={2nd International Conference on Learning Representations, ICLR 2014 - Conference Track Proceedings arXiv:1312.6114},
  year={2014}
}


@article{botchkarev2018performance,
  title={Performance metrics (error measures) in machine learning regression, forecasting and prognostics: Properties and typology},
  author={Botchkarev, Alexei},
  journal={arXiv preprint arXiv:1809.03006},
  year={2018}
}

@article{Nallapati2016,
  title={Abstractive text summarization using sequence-to-sequence rnns and beyond},
  author={Nallapati, Ramesh and Zhou, Bowen and Gulcehre, Caglar and Xiang, Bing and others},
  journal={arXiv preprint arXiv:1602.06023},
  year={2016}
}

@inproceedings{Malhotra2015,
  title={Long short term memory networks for anomaly detection in time series},
  author={Malhotra, Pankaj and Vig, Lovekesh and Shroff, Gautam and Agarwal, Puneet},
  booktitle={Proceedings},
  volume={89},
  pages={89--94},
  year={2015},
  organization={Presses universitaires de Louvain}
}


@article{Fabius2015,
  title={Variational recurrent auto-encoders},
  author={Fabius, Otto and van Amersfoort, Joost R},
  journal={arXiv preprint arXiv:1412.6581},
  year={2014}
}


@article{hochreiter1997,
  title={Long short-term memory},
  author={Hochreiter, Sepp and Schmidhuber, J{\"u}rgen},
  journal={Neural computation},
  volume={9},
  number={8},
  pages={1735--1780},
  year={1997},
  publisher={MIT Press}
}


@article{klein2015,
  title={Droplet barcoding for single-cell transcriptomics applied to embryonic stem cells},
  author={Klein, Allon M and Mazutis, Linas and Akartuna, Ilke and Tallapragada, Naren and Veres, Adrian and Li, Victor and Peshkin, Leonid and Weitz, David A and Kirschner, Marc W},
  journal={Cell},
  volume={161},
  number={5},
  pages={1187--1201},
  year={2015},
  publisher={Elsevier}
}


@article{haghverdi2016diffusion,
  title={Diffusion pseudotime robustly reconstructs lineage branching},
  author={Haghverdi, Laleh and Buettner, Maren and Wolf, F Alexander and Buettner, Florian and Theis, Fabian J},
  journal={Nature methods},
  volume={13},
  number={10},
  pages={845},
  year={2016},
  publisher={Nature Publishing Group}
}

@article{mcdowell2018,
  title={Clustering gene expression time series data using an infinite Gaussian process mixture model},
  author={McDowell, Ian C and Manandhar, Dinesh and Vockley, Christopher M and Schmid, Amy K and Reddy, Timothy E and Engelhardt, Barbara E},
  journal={PLoS computational biology},
  volume={14},
  number={1},
  pages={e1005896},
  year={2018},
  publisher={Public Library of Science}
}


@article{wu2018modeling,
  title={Modeling asynchronous event sequences with RNNs},
  author={Wu, Stephen and Liu, Sijia and Sohn, Sunghwan and Moon, Sungrim and Wi, Chung-il and Juhn, Young and Liu, Hongfang},
  journal={Journal of biomedical informatics},
  volume={83},
  pages={167--177},
  year={2018},
  publisher={Elsevier}
}

@inproceedings{chen2018neural,
  title={Neural ordinary differential equations},
  author={Chen, Tian Qi and Rubanova, Yulia and Bettencourt, Jesse and Duvenaud, David K},
  booktitle={Advances in neural information processing systems},
  pages={6571--6583},
  year={2018}
}

@inproceedings{rubanova2019latent,
  title={Latent Ordinary Differential Equations for Irregularly-Sampled Time Series},
  author={Rubanova, Yulia and Chen, Tian Qi and Duvenaud, David K},
  booktitle={Advances in Neural Information Processing Systems},
  pages={5321--5331},
  year={2019}
}

@article{dilokthanakul2016deep,
  title={Deep unsupervised clustering with gaussian mixture variational autoencoders},
  author={Dilokthanakul, Nat and Mediano, Pedro AM and Garnelo, Marta and Lee, Matthew CH and Salimbeni, Hugh and Arulkumaran, Kai and Shanahan, Murray},
  journal={arXiv preprint arXiv:1611.02648},
  year={2016}
}

@inproceedings{hershey2007approximating,
  title={Approximating the Kullback Leibler divergence between Gaussian mixture models},
  author={Hershey, John R and Olsen, Peder A},
  booktitle={2007 IEEE International Conference on Acoustics, Speech and Signal Processing-ICASSP'07},
  volume={4},
  pages={IV--317},
  year={2007},
  organization={IEEE}
}

@article{ferguson1973bayesian,
  title={A Bayesian analysis of some nonparametric problems},
  author={Ferguson, Thomas S},
  journal={The annals of statistics},
  pages={209--230},
  year={1973},
  publisher={JSTOR}
}

@article{cooke2011bayesian,
  title={Bayesian hierarchical clustering for microarray time series data with replicates and outlier measurements},
  author={Cooke, Emma J and Savage, Richard S and Kirk, Paul DW and Darkins, Robert and Wild, David L},
  journal={BMC bioinformatics},
  volume={12},
  number={1},
  pages={399},
  year={2011},
  publisher={Springer}
}

@article{likas2003global,
  title={The global k-means clustering algorithm},
  author={Likas, Aristidis and Vlassis, Nikos and Verbeek, Jakob J},
  journal={Pattern recognition},
  volume={36},
  number={2},
  pages={451--461},
  year={2003},
  publisher={Elsevier}
}

@inproceedings{rasmussen2000infinite,
  title={The infinite Gaussian mixture model},
  author={Rasmussen, Carl Edward},
  booktitle={Advances in neural information processing systems},
  pages={554--560},
  year={2000}
}

@article{reynolds2009gaussian,
  title={Gaussian Mixture Models.},
  author={Reynolds, Douglas A},
  journal={Encyclopedia of biometrics},
  volume={741},
  year={2009},
  publisher={Berlin, Springer}
}


@article{rumelhart1986learning,
  title={Learning representations by back-propagating errors},
  author={Rumelhart, David E and Hinton, Geoffrey E and Williams, Ronald J},
  journal={nature},
  volume={323},
  number={6088},
  pages={533--536},
  year={1986},
  publisher={Nature Publishing Group}
}

@article{eraslan2019single,
  title={Single-cell RNA-seq denoising using a deep count autoencoder},
  author={Eraslan, G{\"o}kcen and Simon, Lukas M and Mircea, Maria and Mueller, Nikola S and Theis, Fabian J},
  journal={Nature communications},
  volume={10},
  number={1},
  pages={1--14},
  year={2019},
  publisher={Nature Publishing Group}
}

@article{cippa2019late,
  title={A late B lymphocyte action in dysfunctional tissue repair following kidney injury and transplantation},
  author={Cipp{\`a}, Pietro E and Liu, Jing and Sun, Bo and Kumar, Sanjeev and Naesens, Maarten and McMahon, Andrew P},
  journal={Nature communications},
  volume={10},
  number={1},
  pages={1--11},
  year={2019},
  publisher={Nature Publishing Group}
}

@article{lin2017using,
  title={Using neural networks for reducing the dimensions of single-cell RNA-Seq data},
  author={Lin, Chieh and Jain, Siddhartha and Kim, Hannah and Bar-Joseph, Ziv},
  journal={Nucleic acids research},
  volume={45},
  number={17},
  pages={e156--e156},
  year={2017},
  publisher={Oxford University Press}
}

@article{talwar2018autoimpute,
  title={AutoImpute: Autoencoder based imputation of single-cell RNA-seq data},
  author={Talwar, Divyanshu and Mongia, Aanchal and Sengupta, Debarka and Majumdar, Angshul},
  journal={Scientific reports},
  volume={8},
  number={1},
  pages={1--11},
  year={2018},
  publisher={Nature Publishing Group}
}
@article{lopez2018deep,
  title={Deep generative modeling for single-cell transcriptomics},
  author={Lopez, Romain and Regier, Jeffrey and Cole, Michael B and Jordan, Michael I and Yosef, Nir},
  journal={Nature methods},
  volume={15},
  number={12},
  pages={1053--1058},
  year={2018},
  publisher={Nature Publishing Group}
}

@article{ding2018interpretable,
  title={Interpretable dimensionality reduction of single cell transcriptome data with deep generative models},
  author={Ding, Jiarui and Condon, Anne and Shah, Sohrab P},
  journal={Nature communications},
  volume={9},
  number={1},
  pages={1--13},
  year={2018},
  publisher={Nature Publishing Group}
}

@article{wang2018vasc,
  title={VASC: dimension reduction and visualization of single-cell RNA-seq data by deep variational autoencoder},
  author={Wang, Dongfang and Gu, Jin},
  journal={Genomics, proteomics {\&} bioinformatics},
  volume={16},
  number={5},
  pages={320--331},
  year={2018},
  publisher={Elsevier}
}

@article{deng2019scalable,
  title={Scalable analysis of cell-type composition from single-cell transcriptomics using deep recurrent learning},
  author={Deng, Yue and Bao, Feng and Dai, Qionghai and Wu, Lani F and Altschuler, Steven J},
  journal={Nature methods},
  volume={16},
  number={4},
  pages={311--314},
  year={2019},
  publisher={Nature Publishing Group}
}


@article{wang2019data,
  title={Data denoising with transfer learning in single-cell transcriptomics},
  author={Wang, Jingshu and Agarwal, Divyansh and Huang, Mo and Hu, Gang and Zhou, Zilu and Ye, Chengzhong and Zhang, Nancy R},
  journal={Nature methods},
  volume={16},
  number={9},
  pages={875--878},
  year={2019},
  publisher={Nature Publishing Group}
}

@article{zheng2019emerging,
  title={Emerging deep learning methods for single-cell RNA-seq data analysis},
  author={Zheng, Jie and Wang, Ke},
  journal={Quantitative Biology},
  volume={7},
  number={4},
  pages={247--254},
  year={2019},
  publisher={Springer}
}

@article{higgins2016beta,
  title={beta-vae: Learning basic visual concepts with a constrained variational framework},
  author={Higgins, Irina and Matthey, Loic and Pal, Arka and Burgess, Christopher and Glorot, Xavier and Botvinick, Matthew and Mohamed, Shakir and Lerchner, Alexander},
  year={2016}
}

@article{raj2008nature,
  title={Nature, nurture, or chance: stochastic gene expression and its consequences},
  author={Raj, Arjun and Van Oudenaarden, Alexander},
  journal={Cell},
  volume={135},
  number={2},
  pages={216--226},
  year={2008},
  publisher={Elsevier}
}
@article{svensson2018exponential,
  title={Exponential scaling of single-cell RNA-seq in the past decade},
  author={Svensson, Valentine and Vento-Tormo, Roser and Teichmann, Sarah A},
  journal={Nature protocols},
  volume={13},
  number={4},
  pages={599--604},
  year={2018},
  publisher={Nature Publishing Group}
}
@article{hinton2006reducing,
  title={Reducing the dimensionality of data with neural networks},
  author={Hinton, Geoffrey E and Salakhutdinov, Ruslan R},
  journal={science},
  volume={313},
  number={5786},
  pages={504--507},
  year={2006},
  publisher={American Association for the Advancement of Science}
}
@article{saelens2019comparison,
  title={A comparison of single-cell trajectory inference methods},
  author={Saelens, Wouter and Cannoodt, Robrecht and Todorov, Helena and Saeys, Yvan},
  journal={Nature biotechnology},
  volume={37},
  number={5},
  pages={547--554},
  year={2019},
  publisher={Nature Publishing Group}
}

@article{liu2017molecular,
  title={Molecular characterization of the transition from acute to chronic kidney injury following ischemia/reperfusion},
  author={Liu, Jing and Kumar, Sanjeev and Dolzhenko, Egor and Alvarado, Gregory F and Guo, Jinjin and Lu, Can and Chen, Yibu and Li, Meng and Dessing, Mark C and Parvez, Riana K and others},
  journal={JCI insight},
  volume={2},
  number={18},
  year={2017},
  publisher={American Society for Clinical Investigation}
}
@article{harris2020array,
  title={Array programming with NumPy},
  author={Harris, Charles R and Millman, K Jarrod and van der Walt, St{\'e}fan J and Gommers, Ralf and Virtanen, Pauli and Cournapeau, David and Wieser, Eric and Taylor, Julian and Berg, Sebastian and Smith, Nathaniel J and others},
  journal={Nature},
  volume={585},
  number={7825},
  pages={357--362},
  year={2020},
  publisher={Nature Publishing Group}
}


@article{svensson2020interpretable,
  title={Interpretable factor models of single-cell RNA-seq via variational autoencoders},
  author={Svensson, Valentine and Gayoso, Adam and Yosef, Nir and Pachter, Lior},
  journal={Bioinformatics},
  volume={36},
  number={11},
  pages={3418--3421},
  year={2020},
  publisher={Oxford University Press}
}
@inproceedings{ainsworth2018oi,
  title={oi-VAE: Output interpretable VAEs for nonlinear group factor analysis},
  author={Ainsworth, Samuel K and Foti, Nicholas J and Lee, Adrian KC and Fox, Emily B},
  booktitle={International Conference on Machine Learning},
  pages={119--128},
  year={2018}
}

@article{hensman2013hierarchical,
  title={Hierarchical Bayesian modelling of gene expression time series across irregularly sampled replicates and clusters},
  author={Hensman, James and Lawrence, Neil D and Rattray, Magnus},
  journal={BMC bioinformatics},
  volume={14},
  number={1},
  pages={252},
  year={2013},
  publisher={Springer}
}

@article{jang2017dynamics,
  title={Dynamics of embryonic stem cell differentiation inferred from single-cell transcriptomics show a series of transitions through discrete cell states},
  author={Jang, Sumin and Choubey, Sandeep and Furchtgott, Leon and Zou, Ling-Nan and Doyle, Adele and Menon, Vilas and Loew, Ethan B and Krostag, Anne-Rachel and Martinez, Refugio A and Madisen, Linda and others},
  journal={elife},
  volume={6},
  pages={e20487},
  year={2017},
  publisher={eLife Sciences Publications Limited}
}
@article{ching2018opportunities,
  title={Opportunities and obstacles for deep learning in biology and medicine},
  author={Ching, Travers and Himmelstein, Daniel S and Beaulieu-Jones, Brett K and Kalinin, Alexandr A and Do, Brian T and Way, Gregory P and Ferrero, Enrico and Agapow, Paul-Michael and Zietz, Michael and Hoffman, Michael M and others},
  journal={Journal of The Royal Society Interface},
  volume={15},
  number={141},
  pages={20170387},
  year={2018},
  publisher={The Royal Society}
}
@article{way2017extracting,
  title={Extracting a biologically relevant latent space from cancer transcriptomes with variational autoencoders},
  author={Way, Gregory P and Greene, Casey S},
  journal={BioRxiv},
  pages={174474},
  year={2017},
  publisher={World Scientific}
}

@article{jetka2018information,
  title={An information-theoretic framework for deciphering pleiotropic and noisy biochemical signaling},
  author={Jetka, Tomasz and Niena{\l}towski, Karol and Filippi, Sarah and Stumpf, Michael PH and Komorowski, Micha{\l}},
  journal={Nature communications},
  volume={9},
  number={1},
  pages={1--9},
  year={2018},
  publisher={Nature Publishing Group}
}
@article{zhu2019semisoft,
  title={Semisoft clustering of single-cell data},
  author={Zhu, Lingxue and Lei, Jing and Klei, Lambertus and Devlin, Bernie and Roeder, Kathryn},
  journal={Proceedings of the National Academy of Sciences},
  volume={116},
  number={2},
  pages={466--471},
  year={2019},
  publisher={National Acad Sciences}
}

@article{cybenko1989approximation,
  title={Approximation by superpositions of a sigmoidal function},
  author={Cybenko, George},
  journal={Mathematics of control, signals and systems},
  volume={2},
  number={4},
  pages={303--314},
  year={1989},
  publisher={Springer}
}

@article{hornik1989multilayer,
  title={Multilayer feedforward networks are universal approximators},
  author={Hornik, Kurt and Stinchcombe, Maxwell and White, Halbert},
  journal={Neural networks},
  volume={2},
  number={5},
  pages={359--366},
  year={1989},
  publisher={Elsevier}
}
@article{funahashi1989approximate,
  title={On the approximate realization of continuous mappings by neural networks},
  author={Funahashi, Ken-Ichi},
  journal={Neural networks},
  volume={2},
  number={3},
  pages={183--192},
  year={1989},
  publisher={Elsevier}
}
@article{barron1994approximation,
  title={Approximation and estimation bounds for artificial neural networks},
  author={Barron, Andrew R},
  journal={Machine learning},
  volume={14},
  number={1},
  pages={115--133},
  year={1994},
  publisher={Springer}
}


@inproceedings{roark2004discriminative,
  title={Discriminative language modeling with conditional random fields and the perceptron algorithm},
  author={Roark, Brian and Saraclar, Murat and Collins, Michael and Johnson, Mark},
  booktitle={Proceedings of the 42nd Annual Meeting of the Association for Computational Linguistics (ACL-04)},
  pages={47--54},
  year={2004}
}

@article{mccallum2003early,
  title={Early results for named entity recognition with conditional random fields, feature induction and web-enhanced lexicons},
  author={McCallum, Andrew and Li, Wei},
  year={2003}
}

@article{liu2017identification,
  title={De-identification of clinical notes via recurrent neural network and conditional random field},
  author={Liu, Zengjian and Tang, Buzhou and Wang, Xiaolong and Chen, Qingcai},
  journal={Journal of biomedical informatics},
  volume={75},
  pages={S34--S42},
  year={2017},
  publisher={Elsevier}
}

@article{krahenbuhl2012efficient,
  title={Efficient inference in fully connected crfs with gaussian edge potentials},
  author={Kr{\"a}henb{\"u}hl, Philipp and Koltun, Vladlen},
  journal={arXiv preprint arXiv:1210.5644},
  year={2012}
}

@article{teichmann2018convolutional,
  title={Convolutional CRFs for semantic segmentation},
  author={Teichmann, Marvin TT and Cipolla, Roberto},
  journal={arXiv preprint arXiv:1805.04777},
  year={2018}
}

@article{nickolls2008scalable,
  title={Scalable parallel programming with cuda: Is cuda the parallel programming model that application developers have been waiting for?},
  author={Nickolls, John and Buck, Ian and Garland, Michael and Skadron, Kevin},
  journal={Queue},
  volume={6},
  number={2},
  pages={40--53},
  year={2008},
  publisher={ACM New York, NY, USA}
}

@article{boykov2001fast,
  title={Fast approximate energy minimization via graph cuts},
  author={Boykov, Yuri and Veksler, Olga and Zabih, Ramin},
  journal={IEEE Transactions on pattern analysis and machine intelligence},
  volume={23},
  number={11},
  pages={1222--1239},
  year={2001},
  publisher={IEEE}
}

@incollection{kalogerakis2010learning,
  title={Learning 3D mesh segmentation and labeling},
  author={Kalogerakis, Evangelos and Hertzmann, Aaron and Singh, Karan},
  booktitle={ACM SIGGRAPH 2010 papers},
  pages={1--12},
  year={2010}
}

@inproceedings{ristovski2013continuous,
  title={Continuous conditional random fields for efficient regression in large fully connected graphs},
  author={Ristovski, Kosta and Radosavljevic, Vladan and Vucetic, Slobodan and Obradovic, Zoran},
  booktitle={Proceedings of the AAAI Conference on Artificial Intelligence},
  volume={27},
  number={1},
  year={2013}
}

@inproceedings{gao2019conditional,
  title={Conditional random field enhanced graph convolutional neural networks},
  author={Gao, Hongchang and Pei, Jian and Huang, Heng},
  booktitle={Proceedings of the 25th ACM SIGKDD International Conference on Knowledge Discovery {\&} Data Mining},
  pages={276--284},
  year={2019}
}

@inproceedings{zhou2004regularization,
  title={A regularization framework for learning from graph data},
  author={Zhou, Dengyong and Sch{\"o}lkopf, Bernhard},
  booktitle={ICML 2004 Workshop on Statistical Relational Learning and Its Connections to Other Fields (SRL 2004)},
  pages={132--137},
  year={2004}
}

@inproceedings{hou2019measuring,
  title={Measuring and improving the use of graph information in graph neural networks},
  author={Hou, Yifan and Zhang, Jian and Cheng, James and Ma, Kaili and Ma, Richard TB and Chen, Hongzhi and Yang, Ming-Chang},
  booktitle={International Conference on Learning Representations},
  year={2019}
}

@inproceedings{wang2019knowledge,
  title={Knowledge-aware graph neural networks with label smoothness regularization for recommender systems},
  author={Wang, Hongwei and Zhang, Fuzheng and Zhang, Mengdi and Leskovec, Jure and Zhao, Miao and Li, Wenjie and Wang, Zhongyuan},
  booktitle={Proceedings of the 25th ACM SIGKDD International Conference on Knowledge Discovery {\&} Data Mining},
  pages={968--977},
  year={2019}
}

@book{murphy2012machine,
  title={Machine learning: a probabilistic perspective},
  author={Murphy, Kevin P},
  year={2012},
  publisher={MIT press}
}
@article{ahmad2004analysis,
  title={Analysis and prediction of DNA-binding proteins and their binding residues based on composition, sequence and structural information},
  author={Ahmad, Shandar and Gromiha, M Michael and Sarai, Akinori},
  journal={Bioinformatics},
  volume={20},
  number={4},
  pages={477--486},
  year={2004},
  publisher={Oxford University Press}
}
@article{kuznetsov2006transient,
  title={Transient high-frequency firing in a coupled-oscillator model of the mesencephalic dopaminergic neuron},
  author={Kuznetsov, Alexey S and Kopell, Nancy J and Wilson, Charles J},
  journal={Journal of Neurophysiology},
  volume={95},
  number={2},
  pages={932--947},
  year={2006},
  publisher={American Physiological Society}
}
@article{wang2006bindn,
  title={BindN: a web-based tool for efficient prediction of DNA and RNA binding sites in amino acid sequences},
  author={Wang, Liangjiang and Brown, Susan J},
  journal={Nucleic acids research},
  volume={34},
  number={suppl\_2},
  pages={W243--W248},
  year={2006},
  publisher={Oxford University Press}
}
@article{sagendorf2017dnaprodb,
  title={DNAproDB: an interactive tool for structural analysis of DNA--protein complexes},
  author={Sagendorf, Jared M and Berman, Helen M and Rohs, Remo},
  journal={Nucleic acids research},
  volume={45},
  number={W1},
  pages={W89--W97},
  year={2017},
  publisher={Oxford University Press}
}
@article{sagendorf2020dnaprodb,
  title={DNAproDB: an expanded database and web-based tool for structural analysis of DNA--protein complexes},
  author={Sagendorf, Jared M and Markarian, Nicholas and Berman, Helen M and Rohs, Remo},
  journal={Nucleic acids research},
  volume={48},
  number={D1},
  pages={D277--D287},
  year={2020},
  publisher={Oxford University Press}
}
@article{gene2019gene,
  title={The gene ontology resource: 20 years and still GOing strong},
  author={Gene Ontology Consortium},
  journal={Nucleic acids research},
  volume={47},
  number={D1},
  pages={D330--D338},
  year={2019},
  publisher={Oxford University Press}
}
@article{li2006cd,
  title={Cd-hit: a fast program for clustering and comparing large sets of protein or nucleotide sequences},
  author={Li, Weizhong and Godzik, Adam},
  journal={Bioinformatics},
  volume={22},
  number={13},
  pages={1658--1659},
  year={2006},
  publisher={Oxford University Press}
}
@article{li2013predna,
  title={PreDNA: accurate prediction of DNA-binding sites in proteins by integrating sequence and geometric structure information},
  author={Li, Tao and Li, Qian-Zhong and Liu, Shuai and Fan, Guo-Liang and Zuo, Yong-Chun and Peng, Yong},
  journal={Bioinformatics},
  volume={29},
  number={6},
  pages={678--685},
  year={2013},
  publisher={Oxford University Press}
}
@article{walia2012protein,
  title={Protein-RNA interface residue prediction using machine learning: an assessment of the state of the art},
  author={Walia, Rasna R and Caragea, Cornelia and Lewis, Benjamin A and Towfic, Fadi and Terribilini, Michael and El-Manzalawy, Yasser and Dobbs, Drena and Honavar, Vasant},
  journal={BMC bioinformatics},
  volume={13},
  number={1},
  pages={1--20},
  year={2012},
  publisher={Springer}
}

%% references added for binding element design 
@article{sohn2015learning,
  title={Learning structured output representation using deep conditional generative models},
  author={Sohn, Kihyuk and Lee, Honglak and Yan, Xinchen},
  journal={Advances in neural information processing systems},
  volume={28},
  pages={3483--3491},
  year={2015}
}

@article{goodfellow2014generative,
  title={Generative adversarial networks},
  author={Goodfellow, Ian J and Pouget-Abadie, Jean and Mirza, Mehdi and Xu, Bing and Warde-Farley, David and Ozair, Sherjil and Courville, Aaron and Bengio, Yoshua},
  journal={arXiv preprint arXiv:1406.2661},
  year={2014}
}
@inproceedings{wang2018high,
  title={High-resolution image synthesis and semantic manipulation with conditional gans},
  author={Wang, Ting-Chun and Liu, Ming-Yu and Zhu, Jun-Yan and Tao, Andrew and Kautz, Jan and Catanzaro, Bryan},
  booktitle={Proceedings of the IEEE conference on computer vision and pattern recognition},
  pages={8798--8807},
  year={2018}
}
@inproceedings{zhu2017unpaired,
  title={Unpaired image-to-image translation using cycle-consistent adversarial networks},
  author={Zhu, Jun-Yan and Park, Taesung and Isola, Phillip and Efros, Alexei A},
  booktitle={Proceedings of the IEEE international conference on computer vision},
  pages={2223--2232},
  year={2017}
}
@article{gomez2018automatic,
  title={Automatic chemical design using a data-driven continuous representation of molecules},
  author={G{\'o}mez-Bombarelli, Rafael and Wei, Jennifer N and Duvenaud, David and Hern{\'a}ndez-Lobato, Jos{\'e} Miguel and S{\'a}nchez-Lengeling, Benjamin and Sheberla, Dennis and Aguilera-Iparraguirre, Jorge and Hirzel, Timothy D and Adams, Ryan P and Aspuru-Guzik, Al{\'a}n},
  journal={ACS central science},
  volume={4},
  number={2},
  pages={268--276},
  year={2018},
  publisher={ACS Publications}
}
@article{weininger1988smiles,
  title={SMILES, a chemical language and information system. 1. Introduction to methodology and encoding rules},
  author={Weininger, David},
  journal={Journal of chemical information and computer sciences},
  volume={28},
  number={1},
  pages={31--36},
  year={1988},
  publisher={ACS Publications}
}
@inproceedings{kusner2017grammar,
  title={Grammar variational autoencoder},
  author={Kusner, Matt J and Paige, Brooks and Hern{\'a}ndez-Lobato, Jos{\'e} Miguel},
  booktitle={International Conference on Machine Learning},
  pages={1945--1954},
  year={2017},
  organization={PMLR}
}
@article{maziarka2020mol,
  title={Mol-CycleGAN: a generative model for molecular optimization},
  author={Maziarka, {\L}ukasz and Pocha, Agnieszka and Kaczmarczyk, Jan and Rataj, Krzysztof and Danel, Tomasz and Warcho{\l}, Micha{\l}},
  journal={Journal of Cheminformatics},
  volume={12},
  number={1},
  pages={1--18},
  year={2020},
  publisher={BioMed Central}
}
@inproceedings{jin2018junction,
  title={Junction tree variational autoencoder for molecular graph generation},
  author={Jin, Wengong and Barzilay, Regina and Jaakkola, Tommi},
  booktitle={International Conference on Machine Learning},
  pages={2323--2332},
  year={2018},
  organization={PMLR}
}
@article{prykhodko2019novo,
  title={A de novo molecular generation method using latent vector based generative adversarial network},
  author={Prykhodko, Oleksii and Johansson, Simon Viet and Kotsias, Panagiotis-Christos and Ar{\'u}s-Pous, Josep and Bjerrum, Esben Jannik and Engkvist, Ola and Chen, Hongming},
  journal={Journal of Cheminformatics},
  volume={11},
  number={1},
  pages={1--13},
  year={2019},
  publisher={BioMed Central}
}
@article{kadurin2017drugan,
  title={druGAN: an advanced generative adversarial autoencoder model for de novo generation of new molecules with desired molecular properties in silico},
  author={Kadurin, Artur and Nikolenko, Sergey and Khrabrov, Kuzma and Aliper, Alex and Zhavoronkov, Alex},
  journal={Molecular pharmaceutics},
  volume={14},
  number={9},
  pages={3098--3104},
  year={2017},
  publisher={ACS Publications}
}
@article{lim2018molecular,
  title={Molecular generative model based on conditional variational autoencoder for de novo molecular design},
  author={Lim, Jaechang and Ryu, Seongok and Kim, Jin Woo and Kim, Woo Youn},
  journal={Journal of cheminformatics},
  volume={10},
  number={1},
  pages={1--9},
  year={2018},
  publisher={BioMed Central}
}
@article{mendez2020novo,
  title={De novo generation of hit-like molecules from gene expression signatures using artificial intelligence},
  author={M{\'e}ndez-Lucio, Oscar and Baillif, Benoit and Clevert, Djork-Arn{\'e} and Rouqui{\'e}, David and Wichard, Joerg},
  journal={Nature communications},
  volume={11},
  number={1},
  pages={1--10},
  year={2020},
  publisher={Nature Publishing Group}
}
@article{dollar2021giving,
  title={Giving Attention to Generative VAE Models for De Novo Molecular Design},
  author={Dollar, Orion and Joshi, Nisarg and AC Beck, David and Pfaendtner, Jim},
  year={2021},
  publisher={ChemRxiv}
}
@article{mitton2021graph,
  title={A Graph VAE and Graph Transformer Approach to Generating Molecular Graphs},
  author={Mitton, Joshua and Senn, Hans M and Wynne, Klaas and Murray-Smith, Roderick},
  journal={arXiv preprint arXiv:2104.04345},
  year={2021}
}
@article{hong2019molecular,
  title={Molecular generative model based on an adversarially regularized autoencoder},
  author={Hong, Seung Hwan and Ryu, Seongok and Lim, Jaechang and Kim, Woo Youn},
  journal={Journal of chemical information and modeling},
  volume={60},
  number={1},
  pages={29--36},
  year={2019},
  publisher={ACS Publications}
}
@article{guimaraes2017objective,
  title={Objective-reinforced generative adversarial networks (ORGAN) for sequence generation models},
  author={Guimaraes, Gabriel Lima and Sanchez-Lengeling, Benjamin and Outeiral, Carlos and Farias, Pedro Luis Cunha and Aspuru-Guzik, Al{\'a}n},
  journal={arXiv preprint arXiv:1705.10843},
  year={2017}
}
@article{de2018molgan,
  title={MolGAN: An implicit generative model for small molecular graphs},
  author={De Cao, Nicola and Kipf, Thomas},
  journal={arXiv preprint arXiv:1805.11973},
  year={2018}
}
@article{vaswani2017attention,
  title={Attention is all you need},
  author={Vaswani, Ashish and Shazeer, Noam and Parmar, Niki and Uszkoreit, Jakob and Jones, Llion and Gomez, Aidan N and Kaiser, Lukasz and Polosukhin, Illia},
  journal={arXiv preprint arXiv:1706.03762},
  year={2017}
}
%% dna/protein/rna seq generation
@article{linder2020generative,
  title={A generative neural network for maximizing fitness and diversity of synthetic DNA and protein sequences},
  author={Linder, Johannes and Bogard, Nicholas and Rosenberg, Alexander B and Seelig, Georg},
  journal={Cell Systems},
  volume={11},
  number={1},
  pages={49--62},
  year={2020},
  publisher={Elsevier}
}
@article{hawkins2021generating,
  title={Generating functional protein variants with variational autoencoders},
  author={Hawkins-Hooker, Alex and Depardieu, Florence and Baur, Sebastien and Couairon, Guillaume and Chen, Arthur and Bikard, David},
  journal={PLoS computational biology},
  volume={17},
  number={2},
  pages={e1008736},
  year={2021},
  publisher={Public Library of Science}
}
@article{killoran2017generating,
  title={Generating and designing DNA with deep generative models},
  author={Killoran, Nathan and Lee, Leo J and Delong, Andrew and Duvenaud, David and Frey, Brendan J},
  journal={arXiv preprint arXiv:1712.06148},
  year={2017}
}
@article{yan2021neural,
  title={Neural representation and generation for RNA secondary structures},
  author={Yan, Zichao and Hamilton, William L and Blanchette, Mathieu},
  journal={arXiv preprint arXiv:2102.00925},
  year={2021}
}
@article{gupta2018feedback,
  title={Feedback GAN (FBGAN) for DNA: a novel feedback-loop architecture for optimizing protein functions},
  author={Gupta, Anvita and Zou, James},
  journal={arXiv preprint arXiv:1804.01694},
  year={2018}
}
@article{berman2020mutagan,
  title={MutaGAN: A Seq2seq GAN Framework to Predict Mutations of Evolving Protein Populations},
  author={Berman, Daniel S and Howser, Craig and Mehoke, Thomas and Evans, Jared D},
  journal={arXiv preprint arXiv:2008.11790},
  year={2020}
}
@inproceedings{koutra2011algorithms,
  title={Algorithms for graph similarity and subgraph matching},
  author={Koutra, Danai and Parikh, Ankur and Ramdas, Aaditya and Xiang, Jing},
  booktitle={Proc. Ecol. Inference Conf},
  volume={17},
  year={2011}
}
@article{lin2019novel,
  title={A novel method for graph matching based on belief propagation},
  author={Lin, Xue and Niu, Dongmei and Zhao, Xiuyang and Yang, Bo and Zhang, Caiming},
  journal={Neurocomputing},
  volume={325},
  pages={131--141},
  year={2019},
  publisher={Elsevier}
}
@article{kelley1960gradient,
  title={Gradient theory of optimal flight paths},
  author={Kelley, Henry J},
  journal={Ars Journal},
  volume={30},
  number={10},
  pages={947--954},
  year={1960}
}
@article{berman2000protein,
  title={The protein data bank},
  author={Berman, Helen M and Westbrook, John and Feng, Zukang and Gilliland, Gary and Bhat, Talapady N and Weissig, Helge and Shindyalov, Ilya N and Bourne, Philip E},
  journal={Nucleic acids research},
  volume={28},
  number={1},
  pages={235--242},
  year={2000},
  publisher={Oxford University Press}
}

@article{fornes2020jaspar,
  title={JASPAR 2020: update of the open-access database of transcription factor binding profiles},
  author={Fornes, Oriol and Castro-Mondragon, Jaime A and Khan, Aziz and Van der Lee, Robin and Zhang, Xi and Richmond, Phillip A and Modi, Bhavi P and Correard, Solenne and Gheorghe, Marius and Barana{\v{s}}i{\'c}, Damir and others},
  journal={Nucleic acids research},
  volume={48},
  number={D1},
  pages={D87--D92},
  year={2020},
  publisher={Oxford University Press}
}

@article{wingender2008transfac,
  title={The TRANSFAC project as an example of framework technology that supports the analysis of genomic regulation},
  author={Wingender, Edgar},
  journal={Briefings in bioinformatics},
  volume={9},
  number={4},
  pages={326--332},
  year={2008},
  publisher={Oxford University Press}
}
@article{deng2018pdrlgb,
  title={PDRLGB: precise DNA-binding residue prediction using a light gradient boosting machine},
  author={Deng, Lei and Pan, Juan and Xu, Xiaojie and Yang, Wenyi and Liu, Chuyao and Liu, Hui},
  journal={BMC bioinformatics},
  volume={19},
  number={19},
  pages={135--145},
  year={2018},
  publisher={Springer}
}
@article{wang2010bindn+,
  title={BindN+ for accurate prediction of DNA and RNA-binding residues from protein sequence features},
  author={Wang, Liangjiang and Huang, Caiyan and Yang, Mary Qu and Yang, Jack Y},
  journal={BMC Systems Biology},
  volume={4},
  number={1},
  pages={1--9},
  year={2010},
  publisher={Springer}
}

% refs for lncRNA project
@article{alam2020deep,
  title={Deep Learning in LncRNAome: Contribution, Challenges, and Perspectives},
  author={Alam, Tanvir and Al-Absi, Hamada RH and Schmeier, Sebastian},
  journal={Non-coding RNA},
  volume={6},
  number={4},
  pages={47},
  year={2020},
  publisher={Multidisciplinary Digital Publishing Institute}
}
@article{yi2020rpi,
  title={RPI-SE: a stacking ensemble learning framework for ncRNA-protein interactions prediction using sequence information},
  author={Yi, Hai-Cheng and You, Zhu-Hong and Wang, Mei-Neng and Guo, Zhen-Hao and Wang, Yan-Bin and Zhou, Ji-Ren},
  journal={BMC bioinformatics},
  volume={21},
  number={1},
  pages={1--10},
  year={2020},
  publisher={Springer}
}
@article{yi2018deep,
  title={A deep learning framework for robust and accurate prediction of ncRNA-protein interactions using evolutionary information},
  author={Yi, Hai-Cheng and You, Zhu-Hong and Huang, De-Shuang and Li, Xiao and Jiang, Tong-Hai and Li, Li-Ping},
  journal={Molecular Therapy-Nucleic Acids},
  volume={11},
  pages={337--344},
  year={2018},
  publisher={Elsevier}
}
@article{baek2018lncrnanet,
  title={LncRNAnet: long non-coding RNA identification using deep learning},
  author={Baek, Junghwan and Lee, Byunghan and Kwon, Sunyoung and Yoon, Sungroh},
  journal={Bioinformatics},
  volume={34},
  number={22},
  pages={3889--3897},
  year={2018},
  publisher={Oxford University Press}
}
@article{yang2018lncadeep,
  title={LncADeep: an ab initio lncRNA identification and functional annotation tool based on deep learning},
  author={Yang, Cheng and Yang, Longshu and Zhou, Man and Xie, Haoling and Zhang, Chengjiu and Wang, May D and Zhu, Huaiqiu},
  journal={Bioinformatics},
  volume={34},
  number={22},
  pages={3825--3834},
  year={2018},
  publisher={Oxford University Press}
}
@inproceedings{alam2019deepcnpp,
  title={DeepCNPP: Deep Learning Architecture to Distinguish the Promoter of Human Long Non-Coding RNA Genes and Protein-Coding Genes.},
  author={Alam, Tanvir and Islam, Mohammad Tariqul and Househ, Mowafa S and Belhaouari, Samir Brahim and Kawsar, Ferdaus Ahmed},
  booktitle={ICIMTH},
  pages={232--235},
  year={2019}
}
@inproceedings{alam2019deepel,
  title={DeePEL: Deep learning architecture to recognize p-lncRNA and e-lncRNA promoters},
  author={Alam, Tanvir and Islam, Mohammad Tariqul and Schmeier, Sebastian and Househ, Mowafa and Al-Thani, Dena A},
  booktitle={2019 IEEE International Conference on Bioinformatics and Biomedicine (BIBM)},
  pages={634--638},
  year={2019},
  organization={IEEE}
}
@article{tripathi2016deeplnc,
  title={DeepLNC, a long non-coding RNA prediction tool using deep neural network},
  author={Tripathi, Rashmi and Patel, Sunil and Kumari, Vandana and Chakraborty, Pavan and Varadwaj, Pritish Kumar},
  journal={Network Modeling Analysis in Health Informatics and Bioinformatics},
  volume={5},
  number={1},
  pages={1--14},
  year={2016},
  publisher={Springer}
}
@article{gudenas2018prediction,
  title={Prediction of LncRNA subcellular localization with deep learning from sequence features},
  author={Gudenas, Brian L and Wang, Liangjiang},
  journal={Scientific reports},
  volume={8},
  number={1},
  pages={1--10},
  year={2018},
  publisher={Nature Publishing Group}
}
@article{pan2016ipminer,
  title={IPMiner: hidden ncRNA-protein interaction sequential pattern mining with stacked autoencoder for accurate computational prediction},
  author={Pan, Xiaoyong and Fan, Yong-Xian and Yan, Junchi and Shen, Hong-Bin},
  journal={BMC genomics},
  volume={17},
  number={1},
  pages={1--14},
  year={2016},
  publisher={Springer}
}
@article{zhao2018bipartite,
  title={The bipartite network projection-recommended algorithm for predicting long non-coding RNA-protein interactions},
  author={Zhao, Qi and Yu, Haifan and Ming, Zhong and Hu, Huan and Ren, Guofei and Liu, Hongsheng},
  journal={Molecular Therapy-Nucleic Acids},
  volume={13},
  pages={464--471},
  year={2018},
  publisher={Elsevier}
}
@article{zhan2019bgfe,
  title={BGFE: a deep learning model for ncRNA-protein interaction predictions based on improved sequence information},
  author={Zhan, Zhao-Hui and Jia, Li-Na and Zhou, Yong and Li, Li-Ping and Yi, Hai-Cheng},
  journal={International journal of molecular sciences},
  volume={20},
  number={4},
  pages={978},
  year={2019},
  publisher={Multidisciplinary Digital Publishing Institute}
}
@article{peng2019rpiter,
  title={Rpiter: A hierarchical deep learning framework for ncrna--protein interaction prediction},
  author={Peng, Cheng and Han, Siyu and Zhang, Hui and Li, Ying},
  journal={International journal of molecular sciences},
  volume={20},
  number={5},
  pages={1070},
  year={2019},
  publisher={Multidisciplinary Digital Publishing Institute}
}
@article{huang2019predicting,
  title={Predicting lncRNA-miRNA interaction via graph convolution auto-encoder},
  author={Huang, Yu-An and Huang, Zhi-An and You, Zhu-Hong and Zhu, Zexuan and Huang, Wen-Zhun and Guo, Jian-Xin and Yu, Chang-Qing},
  journal={Frontiers in genetics},
  volume={10},
  pages={758},
  year={2019},
  publisher={Frontiers}
}
@article{hu2019deep,
  title={Deep learning enables accurate prediction of interplay between lncRNA and disease},
  author={Hu, Jialu and Gao, Yiqun and Li, Jing and Shang, Xuequn},
  journal={Frontiers in genetics},
  volume={10},
  pages={937},
  year={2019},
  publisher={Frontiers}
}
@article{xuan2019graph,
  title={Graph convolutional network and convolutional neural network based method for predicting lncRNA-disease associations},
  author={Xuan, Ping and Pan, Shuxiang and Zhang, Tiangang and Liu, Yong and Sun, Hao},
  journal={Cells},
  volume={8},
  number={9},
  pages={1012},
  year={2019},
  publisher={Multidisciplinary Digital Publishing Institute}
}
@inproceedings{al2019long,
  title={Long non-coding rna based cancer classification using deep neural networks},
  author={Al Mamun, Abdullah and Mondal, Ananda Mohan},
  booktitle={Proceedings of the 10th ACM International Conference on Bioinformatics, Computational Biology and Health Informatics},
  pages={541--541},
  year={2019}
}
@article{xuan2019dual,
  title={Dual convolutional neural networks with attention mechanisms based method for predicting disease-related lncRNA genes},
  author={Xuan, Ping and Cao, Yangkun and Zhang, Tiangang and Kong, Rui and Zhang, Zhaogong},
  journal={Frontiers in genetics},
  volume={10},
  pages={416},
  year={2019},
  publisher={Frontiers}
}
@article{seifuddin2020lncrnakb,
  title={lncRNAKB, a knowledgebase of tissue-specific functional annotation and trait association of long noncoding RNA},
  author={Seifuddin, Fayaz and Singh, Komudi and Suresh, Abhilash and Judy, Jennifer T and Chen, Yun-Ching and Chaitankar, Vijender and Tunc, Ilker and Ruan, Xiangbo and Li, Ping and Chen, Yi and others},
  journal={Scientific Data},
  volume={7},
  number={1},
  pages={1--16},
  year={2020},
  publisher={Nature Publishing Group}
}
@article{wapinski2011long,
  title={Long noncoding RNAs and human disease},
  author={Wapinski, Orly and Chang, Howard Y},
  journal={Trends in cell biology},
  volume={21},
  number={6},
  pages={354--361},
  year={2011},
  publisher={Elsevier}
}
@article{de2021population,
  title={Population-scale tissue transcriptomics maps long non-coding RNAs to complex disease},
  author={de Goede, Olivia M and Nachun, Daniel C and Ferraro, Nicole M and Gloudemans, Michael J and Rao, Abhiram S and Smail, Craig and Eulalio, Tiffany Y and Aguet, Fran{\c{c}}ois and Ng, Bernard and Xu, Jishu and others},
  journal={Cell},
  year={2021},
  publisher={Elsevier}
}


@article{mitra2020rvagene,
    author = {Mitra, Raktim and MacLean, Adam L},
    title = "{RVAgene: Generative modeling of gene expression time series data}",
    journal = {Bioinformatics},
    year = {2021},
    month = {05},
    issn = {1367-4803},
    doi = {10.1093/bioinformatics/btab260},
    url = {https://doi.org/10.1093/bioinformatics/btab260},
    note = {btab260},
    eprint = {https://academic.oup.com/bioinformatics/advance-article-pdf/doi/10.1093/bioinformatics/btab260/37938071/btab260.pdf},
}


@article{aizenshtein2022deepzf,
  title={DeepZF: improved DNA-binding prediction of C2H2-zinc-finger proteins by deep transfer learning},
  author={Aizenshtein-Gazit, Sofia and Orenstein, Yaron},
  journal={Bioinformatics},
  volume={38},
  number={Supplement\_2},
  pages={ii62--ii67},
  year={2022},
  publisher={Oxford University Press}
}

@article{lam2019deep,
  title={A deep learning framework to predict binding preference of RNA constituents on protein surface},
  author={Lam, Jordy Homing and Li, Yu and Zhu, Lizhe and Umarov, Ramzan and Jiang, Hanlun and H{\'e}liou, Am{\'e}lie and Sheong, Fu Kit and Liu, Tianyun and Long, Yongkang and Li, Yunfei and others},
  journal={Nature communications},
  volume={10},
  number={1},
  pages={1--13},
  year={2019},
  publisher={Nature Publishing Group}
}
@article{persikov2009predicting,
  title={Predicting DNA recognition by Cys2His2 zinc finger proteins},
  author={Persikov, Anton V and Osada, Robert and Singh, Mona},
  journal={Bioinformatics},
  volume={25},
  number={1},
  pages={22--29},
  year={2009},
  publisher={Oxford University Press}
}

@article{persikov2014novo,
  title={De novo prediction of DNA-binding specificities for Cys2His2 zinc finger proteins},
  author={Persikov, Anton V and Singh, Mona},
  journal={Nucleic acids research},
  volume={42},
  number={1},
  pages={97--108},
  year={2014},
  publisher={Oxford University Press}
}

@article{meseguer2020prediction,
  title={On the prediction of DNA-binding preferences of C2H2-ZF domains using structural models: application on human CTCF},
  author={Meseguer, Alberto and {\AA}rman, Filip and Fornes, Oriol and Molina-Fern{\'a}ndez, Ruben and Bonet, Jaume and Fernandez-Fuentes, Narcis and Oliva, Baldo},
  journal={NAR genomics and bioinformatics},
  volume={2},
  number={3},
  pages={lqaa046},
  year={2020},
  publisher={Oxford University Press}
}
@article{molparia2010zif,
  title={ZiF-Predict: a web tool for predicting DNA-binding specificity in C2H2 zinc finger proteins},
  author={Molparia, Bhuvan and Goyal, Kanav and Sarkar, Anita and Kumar, Sonu and Sundar, Durai},
  journal={Genomics, Proteomics {\&} Bioinformatics},
  volume={8},
  number={2},
  pages={122--126},
  year={2010},
  publisher={Elsevier}
}

## non base contacting residue effect in metazoan C2H2-zf
@article{najafabadi2017non,
  title={Non-base-contacting residues enable kaleidoscopic evolution of metazoan C2H2 zinc finger DNA binding},
  author={Najafabadi, Hamed S and Garton, Michael and Weirauch, Matthew T and Mnaimneh, Sanie and Yang, Ally and Kim, Philip M and Hughes, Timothy R},
  journal={Genome biology},
  volume={18},
  number={1},
  pages={1--15},
  year={2017},
  publisher={BioMed Central}
}

## add modcre when published somewhere

@article{lafontaine2000adapt,
  title={ADAPT: a molecular mechanics approach for studying the structural properties of long DNA sequences},
  author={Lafontaine, Ingrid and Lavery, Richard},
  journal={Biopolymers: Original Research on Biomolecules},
  volume={56},
  number={4},
  pages={292--310},
  year={2000},
  publisher={Wiley Online Library}
}

@article{afek2020dna,
  title={DNA mismatches reveal conformational penalties in protein--DNA recognition},
  author={Afek, Ariel and Shi, Honglue and Rangadurai, Atul and Sahay, Harshit and Senitzki, Alon and Xhani, Suela and Fang, Mimi and Salinas, Raul and Mielko, Zachery and Pufall, Miles A and others},
  journal={Nature},
  volume={587},
  number={7833},
  pages={291--296},
  year={2020},
  publisher={Nature Publishing Group}
}

@article{christensen2012recognition,
  title={Recognition models to predict DNA-binding specificities of homeodomain proteins},
  author={Christensen, Ryan G and Enuameh, Metewo Selase and Noyes, Marcus B and Brodsky, Michael H and Wolfe, Scot A and Stormo, Gary D},
  journal={Bioinformatics},
  volume={28},
  number={12},
  pages={i84--i89},
  year={2012},
  publisher={Oxford University Press}
}
@inproceedings{wetzel2022learning,
  title={Learning probabilistic protein-DNA recognition codes from DNA-binding specificities using structural mappings},
  author={Wetzel, Joshua L and Zhang, Kaiqian and Singh, Mona},
  booktitle={International Conference on Research in Computational Molecular Biology},
  pages={363--365},
  year={2022},
  organization={Springer}
}
@article{noyes2008analysis,
  title={Analysis of homeodomain specificities allows the family-wide prediction of preferred recognition sites},
  author={Noyes, Marcus B and Christensen, Ryan G and Wakabayashi, Atsuya and Stormo, Gary D and Brodsky, Michael H and Wolfe, Scot A},
  journal={Cell},
  volume={133},
  number={7},
  pages={1277--1289},
  year={2008},
  publisher={Elsevier}
}

@article{kulakovskiy2018hocomoco,
  title={HOCOMOCO: towards a complete collection of transcription factor binding models for human and mouse via large-scale ChIP-Seq analysis},
  author={Kulakovskiy, Ivan V and Vorontsov, Ilya E and Yevshin, Ivan S and Sharipov, Ruslan N and Fedorova, Alla D and Rumynskiy, Eugene I and Medvedeva, Yulia A and Magana-Mora, Arturo and Bajic, Vladimir B and Papatsenko, Dmitry A and others},
  journal={Nucleic acids research},
  volume={46},
  number={D1},
  pages={D252--D259},
  year={2018},
  publisher={Oxford University Press}
}

@article{stirnimann2010structural,
  title={Structural Basis of TBX5--DNA Recognition: The T-Box Domain in Its DNA-Bound and-Unbound Form},
  author={Stirnimann, Christian U and Ptchelkine, Denis and Grimm, Clemens and M{\"u}ller, Christoph W},
  journal={Journal of molecular biology},
  volume={400},
  number={1},
  pages={71--81},
  year={2010},
  publisher={Elsevier}
}

@article{kim1993crystal,
  title={Crystal structure of a yeast TBP/TATA-box complex},
  author={Kim, Youngchang and Geiger, James and Hahn, Steven and Sigler, Paul B and others},
  journal={Nature},
  volume={365},
  number={6446},
  pages={512--520},
  year={1993},
  publisher={Nature Publishing Group}
}

@article{rohs2009role,
  title={The role of DNA shape in protein--DNA recognition},
  author={Rohs, Remo and West, Sean M and Sosinsky, Alona and Liu, Peng and Mann, Richard S and Honig, Barry},
  journal={Nature},
  volume={461},
  number={7268},
  pages={1248--1253},
  year={2009},
  publisher={Nature Publishing Group}
}

@article{alleyne2009predicting,
  title={Predicting the binding preference of transcription factors to individual DNA k-mers},
  author={Alleyne, Trevis M and Pe{\~n}a-Castillo, Lourdes and Badis, Gwenael and Talukder, Shaheynoor and Berger, Michael F and Gehrke, Andrew R and Philippakis, Anthony A and Bulyk, Martha L and Morris, Quaid D and Hughes, Timothy R},
  journal={Bioinformatics},
  volume={25},
  number={8},
  pages={1012--1018},
  year={2009},
  publisher={Oxford University Press}
}

@article{schroder2010predicting,
  title={Predicting DNA-binding specificities of eukaryotic transcription factors},
  author={Schr{\"o}der, Adrian and Eichner, Johannes and Supper, Jochen and Eichner, Jonas and Wanke, Dierk and Henneges, Carsten and Zell, Andreas},
  journal={PloS one},
  volume={5},
  number={11},
  pages={e13876},
  year={2010},
  publisher={Public Library of Science San Francisco, USA}
}

@article{dror2014covariation,
  title={Covariation between homeodomain transcription factors and the shape of their DNA binding sites},
  author={Dror, Iris and Zhou, Tianyin and Mandel-Gutfreund, Yael and Rohs, Remo},
  journal={Nucleic acids research},
  volume={42},
  number={1},
  pages={430--441},
  year={2014},
  publisher={Oxford University Press}
}

@article{zhou2013dnashape,
  title={DNAshape: a method for the high-throughput prediction of DNA structural features on a genomic scale},
  author={Zhou, Tianyin and Yang, Lin and Lu, Yan and Dror, Iris and Dantas Machado, Ana Carolina and Ghane, Tahereh and Di Felice, Rosa and Rohs, Remo},
  journal={Nucleic acids research},
  volume={41},
  number={W1},
  pages={W56--W62},
  year={2013},
  publisher={Oxford University Press}
}
@article{blanchet2011curves+,
  title={CURVES+ web server for analyzing and visualizing the helical, backbone and groove parameters of nucleic acid structures},
  author={Blanchet, Christophe and Pasi, Marco and Zakrzewska, Krystyna and Lavery, Richard},
  journal={Nucleic acids research},
  volume={39},
  number={suppl\_2},
  pages={W68--W73},
  year={2011},
  publisher={Oxford University Press}
}

@article{lu20033dna,
  title={3DNA: a software package for the analysis, rebuilding and visualization of three-dimensional nucleic acid structures},
  author={Lu, Xiang-Jun and Olson, Wilma K},
  journal={Nucleic acids research},
  volume={31},
  number={17},
  pages={5108--5121},
  year={2003},
  publisher={Oxford University Press}
}

@article{lu2015dssr,
  title={DSSR: an integrated software tool for dissecting the spatial structure of RNA},
  author={Lu, Xiang-Jun and Bussemaker, Harmen J and Olson, Wilma K},
  journal={Nucleic acids research},
  volume={43},
  number={21},
  pages={e142--e142},
  year={2015},
  publisher={Oxford University Press}
}

@article{fu2012cd,
  title={CD-HIT: accelerated for clustering the next-generation sequencing data},
  author={Fu, Limin and Niu, Beifang and Zhu, Zhengwei and Wu, Sitao and Li, Weizhong},
  journal={Bioinformatics},
  volume={28},
  number={23},
  pages={3150--3152},
  year={2012},
  publisher={Oxford University Press}
}

@article{aggarwal2016common,
  title={Common pitfalls in statistical analysis: The use of correlation techniques},
  author={Aggarwal, Rakesh and Ranganathan, Priya},
  journal={Perspectives in clinical research},
  volume={7},
  number={4},
  pages={187},
  year={2016},
  publisher={Wolters Kluwer--Medknow Publications}
}
@article{persikov2015systematic,
  title={A systematic survey of the Cys2His2 zinc finger DNA-binding landscape},
  author={Persikov, Anton V and Wetzel, Joshua L and Rowland, Elizabeth F and Oakes, Benjamin L and Xu, Denise J and Singh, Mona and Noyes, Marcus B},
  journal={Nucleic acids research},
  volume={43},
  number={3},
  pages={1965--1984},
  year={2015},
  publisher={Oxford University Press}
}

## IRF1 figure 2
@article{escalante1998structure,
  title={Structure of IRF-1 with bound DNA reveals determinants of interferon regulation},
  author={Escalante, Carlos R and Yie, Junming and Thanos, Dimitris and Aggarwal, Aneel K},
  journal={Nature},
  volume={391},
  number={6662},
  pages={103--106},
  year={1998},
  publisher={Nature Publishing Group}
}
## NDT80 paper
@article{lamoureux2006principles,
  title={Principles of protein-DNA recognition revealed in the structural analysis of Ndt80-MSE DNA complexes},
  author={Lamoureux, Jason S and Glover, JN Mark},
  journal={Structure},
  volume={14},
  number={3},
  pages={555--565},
  year={2006},
  publisher={Elsevier}
}

@article{olson2001standard,
  title={A standard reference frame for the description of nucleic acid base-pair geometry},
  author={Olson, Wilma K and Bansal, Manju and Burley, Stephen K and Dickerson, Richard E and Gerstein, Mark and Harvey, Stephen C and Heinemann, Udo and Lu, Xiang-Jun and Neidle, Stephen and Shakked, Zippora and others},
  journal={Journal of molecular biology},
  volume={313},
  number={1},
  pages={229--237},
  year={2001},
  publisher={Elsevier Science}
}
@article{jones2001protein,
  title={Protein--RNA interactions: a structural analysis},
  author={Jones, Susan and Daley, David TA and Luscombe, Nicholas M and Berman, Helen M and Thornton, Janet M},
  journal={Nucleic acids research},
  volume={29},
  number={4},
  pages={943--954},
  year={2001},
  publisher={Oxford University Press}
}
@article{chojnowski2014rna,
  title={RNA Bricks—a database of RNA 3D motifs and their interactions},
  author={Chojnowski, Grzegorz and Wale{\'n}, Tomasz and Bujnicki, Janusz M},
  journal={Nucleic acids research},
  volume={42},
  number={D1},
  pages={D123--D131},
  year={2014},
  publisher={Oxford Academic}
}
@article{antczak2019rnavista,
  title={RNAvista: a webserver to assess RNA secondary structures with non-canonical base pairs},
  author={Antczak, Maciej and Zablocki, Marcin and Zok, Tomasz and Rybarczyk, Agnieszka and Blazewicz, Jacek and Szachniuk, Marta},
  journal={Bioinformatics},
  volume={35},
  number={1},
  pages={152--155},
  year={2019},
  publisher={Oxford University Press}
}
@article{morozov2005protein,
  title={Protein--DNA binding specificity predictions with structural models},
  author={Morozov, Alexandre V and Havranek, James J and Baker, David and Siggia, Eric D},
  journal={Nucleic acids research},
  volume={33},
  number={18},
  pages={5781--5798},
  year={2005},
  publisher={Oxford University Press}
}
@software{pymol,
  author={Schrödinger, LLC and Warren DeLano},
  title={PyMOL},
  url={http://www.pymol.org/pymol},
  version = {2.4.0},
  date = {2020-05-20},
}
@article{wwpdb2019protein,
  title={Protein Data Bank: the single global archive for 3D macromolecular structure data},
  author={wwPDB consortium},
  journal={Nucleic acids research},
  volume={47},
  number={D1},
  pages={D520--D528},
  year={2019},
  publisher={Oxford University Press}
}
@electronic{bostock2012fl,
  added-at = {2014-03-25T22:20:39.000+0100},
  author = {Bostock, Mike},
  biburl = {https://www.bibsonomy.org/bibtex/20a1c06b1562eca6ab44fce464a9b317a/butonic},
  interhash = {6b21919fb5c0681734a4d18fbab4acab},
  intrahash = {0a1c06b1562eca6ab44fce464a9b317a},
  keywords = {dis force github layout visualization wiki},
  timestamp = {2014-03-25T22:20:39.000+0100},
  title = {Force Layout},
  url = {https://github.com/mbostock/d3/wiki/Force-Layout},
  urldate = {2014-03-25},
  year = 2012
}
@article{panne2007atomic,
  title={An atomic model of the interferon-$\beta$ enhanceosome},
  author={Panne, Daniel and Maniatis, Tom and Harrison, Stephen C},
  journal={Cell},
  volume={129},
  number={6},
  pages={1111--1123},
  year={2007},
  publisher={Elsevier}
}
@article{international2001initial,
  title={Initial sequencing and analysis of the human genome},
  author={International Human Genome Sequencing Consortium},
  journal={Nature},
  volume={409},
  number={6822},
  pages={860--921},
  year={2001},
  publisher={Nature Publishing Group UK London}
}
@article{nurk2022complete,
  title={The complete sequence of a human genome},
  author={Nurk, Sergey and Koren, Sergey and Rhie, Arang and Rautiainen, Mikko and Bzikadze, Andrey V and Mikheenko, Alla and Vollger, Mitchell R and Altemose, Nicolas and Uralsky, Lev and Gershman, Ariel and others},
  journal={Science},
  volume={376},
  number={6588},
  pages={44--53},
  year={2022},
  publisher={American Association for the Advancement of Science}
}
@article{lambert2018human,
  title={The human transcription factors},
  author={Lambert, Samuel A and Jolma, Arttu and Campitelli, Laura F and Das, Pratyush K and Yin, Yimeng and Albu, Mihai and Chen, Xiaoting and Taipale, Jussi and Hughes, Timothy R and Weirauch, Matthew T},
  journal={Cell},
  volume={172},
  number={4},
  pages={650--665},
  year={2018},
  publisher={Elsevier}
}
@article{watson1953,
  title={Molecular structure of nucleic acids: a structure for deoxyribose nucleic acid},
  author={Watson, James D and Crick, Francis HC},
  journal={Nature},
  volume={171},
  number={4356},
  pages={737--738},
  year={1953},
  publisher={Nature Publishing Group UK London}
}
@article{kleene1951representationof,
  title={Representationof Events in Nerve Nets and Finite Automata},
  author={Kleene, SC},
  journal={CE Shannon and J. McCarthy},
  year={1951}
}
@article{linnainmaa1976taylor,
  title={Taylor expansion of the accumulated rounding error},
  author={Linnainmaa, Seppo},
  journal={BIT Numerical Mathematics},
  volume={16},
  number={2},
  pages={146--160},
  year={1976},
  publisher={Springer}
}
@book{anderson2000talking,
  title={Talking nets: An oral history of neural networks},
  author={Anderson, James A and Rosenfeld, Edward},
  year={2000},
  publisher={MiT Press}
}
@article{krizhevsky2012imagenet,
  title={Imagenet classification with deep convolutional neural networks},
  author={Krizhevsky, Alex and Sutskever, Ilya and Hinton, Geoffrey E},
  journal={Advances in neural information processing systems},
  volume={25},
  year={2012}
}
@article{lecun1998gradient,
  title={Gradient-based learning applied to document recognition},
  author={LeCun, Yann and Bottou, L{\'e}on and Bengio, Yoshua and Haffner, Patrick},
  journal={Proceedings of the IEEE},
  volume={86},
  number={11},
  pages={2278--2324},
  year={1998},
  publisher={Ieee}
}
@article{lecun1995convolutional,
  title={Convolutional networks for images, speech, and time series},
  author={LeCun, Yann and Bengio, Yoshua and others},
  journal={The handbook of brain theory and neural networks},
  volume={3361},
  number={10},
  pages={1995},
  year={1995},
  publisher={Citeseer}
}
@article{lecun1989backpropagation,
  title={Backpropagation applied to handwritten zip code recognition},
  author={LeCun, Yann and Boser, Bernhard and Denker, John S and Henderson, Donnie and Howard, Richard E and Hubbard, Wayne and Jackel, Lawrence D},
  journal={Neural computation},
  volume={1},
  number={4},
  pages={541--551},
  year={1989},
  publisher={MIT Press}
}
@inproceedings{deng2009imagenet,
  title={Imagenet: A large-scale hierarchical image database},
  author={Deng, Jia and Dong, Wei and Socher, Richard and Li, Li-Jia and Li, Kai and Fei-Fei, Li},
  booktitle={2009 IEEE conference on computer vision and pattern recognition},
  pages={248--255},
  year={2009},
  organization={Ieee}
}
@article{lecun2015deep,
  title={Deep learning},
  author={LeCun, Yann and Bengio, Yoshua and Hinton, Geoffrey},
  journal={nature},
  volume={521},
  number={7553},
  pages={436--444},
  year={2015},
  publisher={Nature Publishing Group UK London}
}
@article{kelley2018sequential,
  title={Sequential regulatory activity prediction across chromosomes with convolutional neural networks},
  author={Kelley, David R and Reshef, Yakir A and Bileschi, Maxwell and Belanger, David and McLean, Cory Y and Snoek, Jasper},
  journal={Genome research},
  volume={28},
  number={5},
  pages={739--750},
  year={2018},
  publisher={Cold Spring Harbor Lab}
}
@inproceedings{shrikumar2017learning,
  title={Learning important features through propagating activation differences},
  author={Shrikumar, Avanti and Greenside, Peyton and Kundaje, Anshul},
  booktitle={International conference on machine learning},
  pages={3145--3153},
  year={2017},
  organization={PMlR}
}
@article{zhong2021cryodrgn,
  title={CryoDRGN: reconstruction of heterogeneous cryo-EM structures using neural networks},
  author={Zhong, Ellen D and Bepler, Tristan and Berger, Bonnie and Davis, Joseph H},
  journal={Nature methods},
  volume={18},
  number={2},
  pages={176--185},
  year={2021},
  publisher={Nature Publishing Group US New York}
}
@article{li2023geobind,
  title={GeoBind: segmentation of nucleic acid binding interface on protein surface with geometric deep learning},
  author={Li, Pengpai and Liu, Zhi-Ping},
  journal={Nucleic Acids Research},
  volume={51},
  number={10},
  pages={e60--e60},
  year={2023},
  publisher={Oxford University Press}
}
@article{gainza2020deciphering,
  title={Deciphering interaction fingerprints from protein molecular surfaces using geometric deep learning},
  author={Gainza, Pablo and Sverrisson, Freyr and Monti, Frederico and Rodola, Emanuele and Boscaini, Davide and Bronstein, Michael M and Correia, Bruno E},
  journal={Nature Methods},
  volume={17},
  number={2},
  pages={184--192},
  year={2020},
  publisher={Nature Publishing Group US New York}
}
@article{gainza2023novo,
  title={De novo design of protein interactions with learned surface fingerprints},
  author={Gainza, Pablo and Wehrle, Sarah and Van Hall-Beauvais, Alexandra and Marchand, Anthony and Scheck, Andreas and Harteveld, Zander and Buckley, Stephen and Ni, Dongchun and Tan, Shuguang and Sverrisson, Freyr and others},
  journal={Nature},
  volume={617},
  number={7959},
  pages={176--184},
  year={2023},
  publisher={Nature Publishing Group UK London}
}
@article{he2024ribonanza,
  title={Ribonanza: deep learning of RNA structure through dual crowdsourcing},
  author={He, Shujun and Huang, Rui and Townley, Jill and Kretsch, Rachael C and Karagianes, Thomas G and Cox, David BT and Blair, Hamish and Penzar, Dmitry and Vyaltsev, Valeriy and Aristova, Elizaveta and others},
  journal={bioRxiv},
  year={2024},
  publisher={Cold Spring Harbor Laboratory Preprints}
}
@article{yan2022structural,
  title={Structural biology of SARS-CoV-2: open the door for novel therapies},
  author={Yan, Weizhu and Zheng, Yanhui and Zeng, Xiaotao and He, Bin and Cheng, Wei},
  journal={Signal Transduction and Targeted Therapy},
  volume={7},
  number={1},
  pages={26},
  year={2022},
  publisher={Nature Publishing Group UK London}
}
@article{jackson2022mechanisms,
  title={Mechanisms of SARS-CoV-2 entry into cells},
  author={Jackson, Cody B and Farzan, Michael and Chen, Bing and Choe, Hyeryun},
  journal={Nature reviews Molecular cell biology},
  volume={23},
  number={1},
  pages={3--20},
  year={2022},
  publisher={Nature Publishing Group}
}
@article{schluenzen2000structure,
  title={Structure of functionally activated small ribosomal subunit at 3.3 {\AA} resolution},
  author={Schluenzen, Frank and Tocilj, Ante and Zarivach, Raz and Harms, Joerg and Gluehmann, Marco and Janell, Daniela and Bashan, Anat and Bartels, Heike and Agmon, Ilana and Franceschi, Fran{\c{c}}ois and others},
  journal={cell},
  volume={102},
  number={5},
  pages={615--623},
  year={2000},
  publisher={Elsevier}
}
@article{harms2001high,
  title={High resolution structure of the large ribosomal subunit from a mesophilic eubacterium},
  author={Harms, Joerg and Schluenzen, Frank and Zarivach, Raz and Bashan, Anat and Gat, Sharon and Agmon, Ilana and Bartels, Heike and Franceschi, Fran{\c{c}}ois and Yonath, Ada},
  journal={Cell},
  volume={107},
  number={5},
  pages={679--688},
  year={2001},
  publisher={Elsevier}
}
@article{evans2021protein,
  title={Protein complex prediction with AlphaFold-Multimer},
  author={Evans, Richard and O’Neill, Michael and Pritzel, Alexander and Antropova, Natasha and Senior, Andrew and Green, Tim and {\v{Z}}idek, Augustin and Bates, Russ and Blackwell, Sam and Yim, Jason and others},
  journal={biorxiv},
  pages={2021--10},
  year={2021},
  publisher={Cold Spring Harbor Laboratory}
}
@article{schneider2023will,
  title={When will RNA get its AlphaFold moment?},
  author={Schneider, Bohdan and Sweeney, Blake Alexander and Bateman, Alex and Cerny, Jiri and Zok, Tomasz and Szachniuk, Marta},
  journal={Nucleic Acids Research},
  volume={51},
  number={18},
  pages={9522--9532},
  year={2023},
  publisher={Oxford University Press}
}
@article{han2024copra,
  title={CoPRA: Bridging Cross-domain Pretrained Sequence Models with Complex Structures for Protein-RNA Binding Affinity Prediction},
  author={Han, Rong and Liu, Xiaohong and Pan, Tong and Xu, Jing and Wang, Xiaoyu and Lan, Wuyang and Li, Zhenyu and Wang, Zixuan and Song, Jiangning and Wang, Guangyu and others},
  journal={arXiv preprint arXiv:2409.03773},
  year={2024}
}
@article{nori2024rnaflow,
  title={RNAFlow: RNA Structure \& Sequence Design via Inverse Folding-Based Flow Matching},
  author={Nori, Divya and Jin, Wengong},
  journal={arXiv preprint arXiv:2405.18768},
  year={2024}
}
@article{gligorijevic2021structure,
  title={Structure-based protein function prediction using graph convolutional networks},
  author={Gligorijevi{\'c}, Vladimir and Renfrew, P Douglas and Kosciolek, Tomasz and Leman, Julia Koehler and Berenberg, Daniel and Vatanen, Tommi and Chandler, Chris and Taylor, Bryn C and Fisk, Ian M and Vlamakis, Hera and others},
  journal={Nature communications},
  volume={12},
  number={1},
  pages={3168},
  year={2021},
  publisher={Nature Publishing Group UK London}
}
@article{yuan2022alphafold2,
  title={AlphaFold2-aware protein--DNA binding site prediction using graph transformer},
  author={Yuan, Qianmu and Chen, Sheng and Rao, Jiahua and Zheng, Shuangjia and Zhao, Huiying and Yang, Yuedong},
  journal={Briefings in Bioinformatics},
  volume={23},
  number={2},
  pages={bbab564},
  year={2022},
  publisher={Oxford University Press}
}
@article{xia2021graphbind,
  title={GraphBind: protein structural context embedded rules learned by hierarchical graph neural networks for recognizing nucleic-acid-binding residues},
  author={Xia, Ying and Xia, Chun-Qiu and Pan, Xiaoyong and Shen, Hong-Bin},
  journal={Nucleic acids research},
  volume={49},
  number={9},
  pages={e51--e51},
  year={2021},
  publisher={Oxford University Press}
}
@article{tubiana2022scannet,
  title={ScanNet: an interpretable geometric deep learning model for structure-based protein binding site prediction},
  author={Tubiana, J{\'e}r{\^o}me and Schneidman-Duhovny, Dina and Wolfson, Haim J},
  journal={Nature Methods},
  volume={19},
  number={6},
  pages={730--739},
  year={2022},
  publisher={Nature Publishing Group US New York}
}
@article{krapp2023pesto,
  title={PeSTo: parameter-free geometric deep learning for accurate prediction of protein binding interfaces},
  author={Krapp, Lucien F and Abriata, Luciano A and Cort{\'e}s Rodriguez, Fabio and Dal Peraro, Matteo},
  journal={Nature communications},
  volume={14},
  number={1},
  pages={2175},
  year={2023},
  publisher={Nature Publishing Group UK London}
}
@article{li2023geobind,
  title={GeoBind: segmentation of nucleic acid binding interface on protein surface with geometric deep learning},
  author={Li, Pengpai and Liu, Zhi-Ping},
  journal={Nucleic Acids Research},
  volume={51},
  number={10},
  pages={e60--e60},
  year={2023},
  publisher={Oxford University Press}
}
@inproceedings{sverrisson2021fast,
  title={Fast end-to-end learning on protein surfaces},
  author={Sverrisson, Freyr and Feydy, Jean and Correia, Bruno E and Bronstein, Michael M},
  booktitle={Proceedings of the IEEE/CVF Conference on Computer Vision and Pattern Recognition},
  pages={15272--15281},
  year={2021}
}
@article{olson2019effects,
  title={Effects of noncanonical base pairing on RNA folding: structural context and spatial arrangements of G{\textperiodcentered} A pairs},
  author={Olson, Wilma K and Li, Shuxiang and Kaukonen, Thomas and Colasanti, Andrew V and Xin, Yurong and Lu, Xiang-Jun},
  journal={Biochemistry},
  volume={58},
  number={20},
  pages={2474--2487},
  year={2019},
  publisher={ACS Publications}
}
@article{wang2023structural,
  title={Structural basis for water modulating RNA duplex formation in the CUG repeats of myotonic dystrophy type 1},
  author={Wang, Shun-Ching and Chen, Yi-Tsao and Satange, Roshan and Chu, Jhih-Wei and Hou, Ming-Hon},
  journal={Journal of Biological Chemistry},
  volume={299},
  number={7},
  year={2023},
  publisher={ASBMB}
}
@article{joosten2010series,
  title={A series of PDB related databases for everyday needs},
  author={Joosten, Robbie P and Te Beek, Tim AH and Krieger, Elmar and Hekkelman, Maarten L and Hooft, Rob WW and Schneider, Reinhard and Sander, Chris and Vriend, Gert},
  journal={Nucleic acids research},
  volume={39},
  number={suppl\_1},
  pages={D411--D419},
  year={2010},
  publisher={Oxford University Press}
}
@article{kabsch1983dictionary,
  title={Dictionary of protein secondary structure: pattern recognition of hydrogen-bonded and geometrical features},
  author={Kabsch, Wolfgang and Sander, Christian},
  journal={Biopolymers: Original Research on Biomolecules},
  volume={22},
  number={12},
  pages={2577--2637},
  year={1983},
  publisher={Wiley Online Library}
}
@article{durrant2024bridge,
  title={Bridge RNAs direct programmable recombination of target and donor DNA},
  author={Durrant, Matthew G and Perry, Nicholas T and Pai, James J and Jangid, Aditya R and Athukoralage, Januka S and Hiraizumi, Masahiro and McSpedon, John P and Pawluk, April and Nishimasu, Hiroshi and Konermann, Silvana and others},
  journal={Nature},
  volume={630},
  number={8018},
  pages={984--993},
  year={2024},
  publisher={Nature Publishing Group UK London}
}
@article{nishimasu2014crystal,
  title={Crystal structure of Cas9 in complex with guide RNA and target DNA},
  author={Nishimasu, Hiroshi and Ran, F Ann and Hsu, Patrick D and Konermann, Silvana and Shehata, Soraya I and Dohmae, Naoshi and Ishitani, Ryuichiro and Zhang, Feng and Nureki, Osamu},
  journal={Cell},
  volume={156},
  number={5},
  pages={935--949},
  year={2014},
  publisher={Elsevier}
}
@article{vorontsov2024hocomoco,
  title={HOCOMOCO in 2024: a rebuild of the curated collection of binding models for human and mouse transcription factors},
  author={Vorontsov, Ilya E and Eliseeva, Irina A and Zinkevich, Arsenii and Nikonov, Mikhail and Abramov, Sergey and Boytsov, Alexandr and Kamenets, Vasily and Kasianova, Alexandra and Kolmykov, Semyon and Yevshin, Ivan S and others},
  journal={Nucleic Acids Research},
  volume={52},
  number={D1},
  pages={D154--D163},
  year={2024},
  publisher={Oxford University Press}
}
@article{van2006information,
  title={Information-driven protein--DNA docking using HADDOCK: it is a matter of flexibility},
  author={van Dijk, Marc and van Dijk, Aalt DJ and Hsu, Victor and Boelens, Rolf and Bonvin, Alexandre MJJ},
  journal={Nucleic acids research},
  volume={34},
  number={11},
  pages={3317--3325},
  year={2006},
  publisher={Oxford University Press}
}
@article{ho2020denoising,
  title={Denoising diffusion probabilistic models},
  author={Ho, Jonathan and Jain, Ajay and Abbeel, Pieter},
  journal={Advances in neural information processing systems},
  volume={33},
  pages={6840--6851},
  year={2020}
}
@article{anand2022protein,
  title={Protein structure and sequence generation with equivariant denoising diffusion probabilistic models},
  author={Anand, Namrata and Achim, Tudor},
  journal={arXiv preprint arXiv:2205.15019},
  year={2022}
}
@article{morabito2021single,
  title={Single-nucleus chromatin accessibility and transcriptomic characterization of Alzheimer’s disease},
  author={Morabito, Samuel and Miyoshi, Emily and Michael, Neethu and Shahin, Saba and Martini, Alessandra Cadete and Head, Elizabeth and Silva, Justine and Leavy, Kelsey and Perez-Rosendahl, Mari and Swarup, Vivek},
  journal={Nature genetics},
  volume={53},
  number={8},
  pages={1143--1155},
  year={2021},
  publisher={Nature Publishing Group US New York}
}

